Asset Id,Name,Type Is Crypto,Data Start,Data End,Data Quote Start,Data Quote End,Data Orderbook Start,Data Orderbook End,Data Trade Start,Data Trade End,Data Symbols Count,Volume 1hrs Usd,Volume 1day Usd,Volume 1mth Usd,Id Icon,Price Usd
USD,US Dollar,0,2010-07-17,2021-05-20,2014-02-24T17:43:05.0000000Z,2021-05-20T18:09:52.4463220Z,2014-02-24T17:43:05.0000000Z,2020-08-05T14:38:00.7082850Z,2010-07-17T23:09:17.0000000Z,2021-05-20T18:00:04.1900000Z,58455,14278537237667,421009210371364,1.53498E+16,0a4185f2-1a03-4a7c-b866-ba7076d8c73b,
BTC,Bitcoin,1,2010-07-17,2021-05-20,2014-02-24T17:43:05.0000000Z,2021-05-20T18:09:44.0210090Z,2014-02-24T17:43:05.0000000Z,2020-08-05T14:38:38.3413202Z,2010-07-17T23:09:17.0000000Z,2021-05-20T18:00:04.1900000Z,54460,396425238439068,1.36787E+16,1.17691E+18,4caf2b16-a017-4e26-a348-2cea69c34cba,39519.40434
PLN,Zloty,0,2011-04-05,2021-05-20,2017-08-29T15:47:10.0528025Z,2021-05-20T18:08:44.4550000Z,2017-08-29T15:47:10.0528025Z,2020-08-05T14:37:41.6530000Z,2011-04-05T18:49:48.0000000Z,2021-05-20T18:00:04.1900000Z,80,18038830.59,6707663937,119077307391,3f682b5b-77ec-4d8c-b612-b8ff3ac748f7,0.2658044156
EUR,Euro,0,2011-04-06,2021-05-20,2014-04-20T15:06:33.0000000Z,2021-05-20T18:09:54.6553960Z,2014-04-20T15:06:33.0000000Z,2020-08-05T14:38:06.5604509Z,2011-04-06T02:17:41.0000000Z,2021-05-20T18:00:04.1900000Z,1564,18346777676,945877319637,11904383169775,688fcf1c-92bb-4c84-ac95-0971e9bfed2f,1.218103256
CNY,Yuan Renminbi,0,2011-06-13,2021-05-20,2015-02-11T16:50:54.6130000Z,2021-05-20T18:08:50.1874269Z,2015-02-11T16:50:54.6130000Z,2020-08-05T14:33:23.5273964Z,2011-06-13T05:13:24.0000000Z,2021-04-13T06:34:07.0000000Z,426,0,0,0,688fcf1c-92bb-4c84-ac95-0971e9bfed2f,0.1556081771
JPY,Yen,0,2011-08-27,2021-05-20,2014-11-14T01:42:12.5570000Z,2021-05-20T18:08:47.5924079Z,2014-11-14T01:42:12.5570000Z,2020-08-05T14:37:46.5011156Z,2011-08-27T07:48:27.0000000Z,2021-05-20T18:00:04.1900000Z,451,56658220.72,2359658906,27155168743,688fcf1c-92bb-4c84-ac95-0971e9bfed2f,0.009187876194
AUD,Australian Dollar,0,2011-09-02,2021-05-20,2017-03-18T22:54:11.8228879Z,2021-05-20T18:08:44.7190000Z,2017-03-18T22:54:11.8228879Z,2020-08-05T14:37:59.6681772Z,2011-09-02T10:44:56.0000000Z,2021-05-20T18:00:04.1900000Z,207,27931503.84,1083008057,8864348524,c33d154f-14df-49b6-b734-6c4f3034e548,0.7676910627
CHF,Swiss Franc,0,2011-09-03,2021-05-20,2017-03-14T20:05:32.5680571Z,2021-05-20T18:06:33.5509376Z,2017-03-14T20:05:32.5680571Z,2020-08-05T14:37:19.3268768Z,2011-09-03T06:59:50.0000000Z,2021-05-20T18:00:04.1900000Z,96,553456.88,23970707.47,298388339.1,c33d154f-14df-49b6-b734-6c4f3034e548,1.108436836
SEK,Swedish Krona,0,2011-09-04,2021-05-20,2017-03-18T22:53:42.9249239Z,2021-05-20T18:00:00.8433333Z,2017-03-18T22:53:42.9249239Z,2020-08-05T11:53:43.3053268Z,2011-09-04T15:28:53.0000000Z,2018-06-28T07:22:05.0000000Z,51,0,0,0,c33d154f-14df-49b6-b734-6c4f3034e548,1.108436836
GBP,Pound Sterling,0,2011-09-06,2021-05-20,2014-11-14T01:42:12.5570000Z,2021-05-20T18:09:18.9933510Z,2014-11-14T01:42:12.5570000Z,2020-08-05T14:37:58.0010000Z,2011-09-06T06:17:27.0000000Z,2021-05-20T18:00:04.1900000Z,428,98556303.4,2903629872,36389360279,6113eae7-5525-4424-85b5-93d9e42d18f6,1.412810754
DKK,Danish Krone,0,2011-09-06,2021-05-20,2018-01-24T00:41:47.1389714Z,2021-05-20T18:00:00.8433333Z,2018-01-24T00:41:47.1389714Z,2020-08-05T14:36:47.5112207Z,2011-09-06T16:43:06.0000000Z,2018-06-18T12:01:54.0000000Z,26,0,0,0,d94acf36-2346-462f-b776-445a984882b8,1.412810754
RUB,Russian Ruble,0,2011-09-11,2021-05-20,2014-04-20T15:06:32.0000000Z,2021-05-20T18:08:51.3931839Z,2014-04-20T15:06:32.0000000Z,2020-08-05T14:37:58.6010000Z,2011-09-11T16:00:53.0000000Z,2021-05-20T18:00:04.1900000Z,1751,32764393.26,284717776500,11646908827117,929f34c0-14dd-4a9b-9096-7988671199b2,0.01337885864
SGD,Singapore Dollar,0,2011-09-18,2021-05-20,2015-05-26T18:24:30.2530000Z,2021-05-20T18:08:41.7531040Z,2015-05-26T18:24:30.2530000Z,2020-08-05T14:37:20.3346033Z,2011-09-18T13:41:27.0000000Z,2021-05-20T18:00:04.1900000Z,137,237184.75,10984088.99,128294004.5,d5657312-6b39-45d6-b0e2-340459c1fda1,0.7447199988
CAD,Canadian Dollar,0,2011-09-27,2021-05-20,2015-07-22T10:25:35.9270000Z,2021-05-20T18:08:38.9934890Z,2015-07-22T10:25:35.9270000Z,2020-08-05T14:37:21.5369886Z,2011-09-27T11:59:29.0000000Z,2021-05-20T18:00:04.1900000Z,119,669895.3,25748746.77,403300906.4,2ba6caaf-33b9-496e-8a39-dd96a1b1bbe1,0.8266552959
NZD,New Zealand Dollar,0,2011-09-27,2021-05-20,2017-09-21T13:39:38.2648702Z,2021-05-20T18:08:38.5380793Z,2017-09-21T13:39:38.2648702Z,2020-08-05T14:37:36.4244491Z,2011-09-27T14:08:21.0000000Z,2021-05-20T18:00:04.1900000Z,61,20498.53,1293811.37,19180258.08,2ba6caaf-33b9-496e-8a39-dd96a1b1bbe1,0.7144744366
THB,Baht,0,2011-10-13,2021-05-20,2017-03-18T22:53:45.5791610Z,2021-05-20T18:08:28.4930265Z,2017-03-18T22:53:45.5791610Z,2020-08-05T14:37:42.4277353Z,2011-10-13T06:31:37.0000000Z,2021-05-20T18:00:04.1900000Z,80,32414048.38,1409951927,24251718972,2ba6caaf-33b9-496e-8a39-dd96a1b1bbe1,0.03057461116
SLL,Leone,0,2011-04-27,2020-01-06,2017-03-14T20:04:16.0302851Z,2020-01-06T09:52:30.8182707Z,2017-03-14T20:04:16.0302851Z,2020-01-06T09:52:30.8182707Z,2011-04-27T16:05:09.0000000Z,2020-01-06T09:10:21.0000000Z,8,0,0,0,c16f5692-2398-42d0-91c6-e503878f327a,0.03057461116
NIS,NIS,1,2013-03-15,2021-05-20,2018-01-24T00:42:50.1443495Z,2021-05-20T18:04:37.1111840Z,2018-01-24T00:42:50.1443495Z,2020-08-05T14:37:37.8190850Z,2013-03-15T12:48:43.0000000Z,2020-06-25T13:09:04.0000000Z,8,0,0,0,c16f5692-2398-42d0-91c6-e503878f327a,0.2912189312
LTC,Litecoin,1,2013-05-19,2021-05-20,2014-04-20T15:06:34.0000000Z,2021-05-20T18:09:42.7620000Z,2014-04-20T15:06:34.0000000Z,2020-08-05T14:37:59.4868435Z,2013-05-19T15:23:45.0000000Z,2021-05-20T18:00:04.1900000Z,4184,4045568897,202428225010,8761449338482,a201762f-1499-41ef-9b84-e0742cd00e48,207.8675492
KRW,Won,0,2013-09-03,2021-05-20,2014-07-31T13:05:46.0000000Z,2021-05-20T18:08:53.5660887Z,2014-07-31T13:05:46.0000000Z,2020-08-05T14:37:58.6071510Z,2013-09-03T06:31:37.0000000Z,2021-05-20T18:00:04.1900000Z,1455,117467177.4,6937279988,113553866682,d264bc64-7605-4799-8239-c9b9b38f1beb,0.0007878287375
VEN,VeChain (pre-swap),1,2013-10-22,2021-05-20,2014-07-31T13:05:46.0000000Z,2021-05-20T18:08:27.7301926Z,2014-07-31T13:05:46.0000000Z,2020-08-05T14:37:58.3010000Z,2013-10-22T23:09:46.8630000Z,2021-05-20T18:00:04.1900000Z,132,35064772.29,1191869290,16355484421,99d66a67-9bdc-4b85-84ac-2a23f912b398,0.1272592125
XRP,Ripple,1,2013-11-25,2021-05-20,2014-07-31T13:05:46.0000000Z,2021-05-20T18:08:52.4322090Z,2014-07-31T13:05:46.0000000Z,2020-08-05T14:37:58.7010000Z,2013-11-25T11:54:57.9270000Z,2021-05-20T18:00:04.1900000Z,1932,804872305.9,42815801576,852350370300,ba90bcb0-cafb-4801-ac5d-d310f47d6411,1.162050718
NMC,Namecoin,1,2013-11-29,2021-05-20,2014-04-20T15:06:35.0000000Z,2021-05-20T18:01:39.4746072Z,2014-04-20T15:06:35.0000000Z,2020-08-05T14:37:08.6070926Z,2013-11-29T00:35:33.3400000Z,2021-05-20T18:00:04.1900000Z,55,271.24,28260.97,1017783.86,806538b8-257e-4a34-b5ca-749546a74512,1.488498365
USDT,Tether,1,2013-12-27,2021-05-20,2016-06-12T11:53:38.1680117Z,2021-05-20T18:08:54.1928144Z,2016-06-12T11:53:38.1680117Z,2020-08-05T14:38:35.2210565Z,2013-12-27T08:23:37.0000000Z,2021-05-20T18:00:04.1900000Z,23089,194973124793055,1.85988E+16,5.9844E+17,5ed65416-963e-4e57-998a-3c302da8936e,1.00195
BLC,Blakecoin,1,2014-02-11,2021-05-20,2017-03-18T23:07:40.7647547Z,2021-05-20T18:00:00.8433333Z,2017-03-18T23:07:40.7647547Z,2020-08-05T11:49:09.6983227Z,2014-02-11T19:40:58.0000000Z,2021-05-20T18:00:04.1900000Z,24,0,0,0,81dfc73a-2b2c-43f8-8d4e-b628d10fdafb,1.00195
DOGE,DogeCoin,1,2014-02-21,2021-05-20,2014-07-31T13:05:46.0000000Z,2021-05-20T18:08:52.9492019Z,2014-07-31T13:05:46.0000000Z,2020-08-05T14:37:58.7197513Z,2014-02-21T05:16:16.8330000Z,2021-05-20T18:00:04.1900000Z,5154,1736050323,386783841043,20293486681829,63e240f3-047f-41c7-9179-6784bc719f63,0.402280983
NVC,Novacoin,1,2014-04-20,2021-05-20,2014-04-20T15:06:36.0000000Z,2021-05-20T18:08:25.4419246Z,2014-04-20T15:06:36.0000000Z,2020-08-05T12:22:42.0959023Z,2014-04-20T02:15:24.0000000Z,2021-05-20T18:00:04.1900000Z,43,0,1132167400,29210319458690,a7462768-a4ba-40e9-b1ca-73120b8bf7b4,21864600805
FTC,Feathercoin,1,2014-04-20,2021-05-20,2014-04-20T15:06:38.0000000Z,2021-05-20T18:00:00.8433333Z,2014-04-20T15:06:38.0000000Z,2020-08-05T14:37:11.4951761Z,2014-04-20T04:26:29.0000000Z,2021-05-20T18:00:04.1900000Z,450,436.41,45027.05,1326884.79,70cbf2b2-0fb6-4b93-bc88-452968b55a95,0.03971700137
PPC,Peercoin,1,2014-04-20,2021-05-20,2014-04-20T15:06:38.0000000Z,2021-05-20T18:08:25.4419246Z,2014-04-20T15:06:38.0000000Z,2020-08-05T14:37:36.7440482Z,2014-04-20T05:33:19.0000000Z,2021-05-20T18:00:04.1900000Z,96,24769.46,552729.84,15588504.92,efa68c17-8a55-4d54-b51f-afaef310a14b,2.02670985
TRC,Terracoin,1,2014-04-20,2021-05-20,2014-04-20T15:06:37.0000000Z,2021-05-20T18:00:00.8433333Z,2014-04-20T15:06:37.0000000Z,2020-08-05T14:23:49.7919963Z,2014-04-20T09:13:55.0000000Z,2021-05-20T18:00:04.1900000Z,39,9752.95,187362.2,10234932.38,a32d373b-3112-4173-ae57-39f7bcd7eca3,0.01779840867
DRK,Darkcoin,1,2014-06-25,2021-05-20,2014-07-04T10:40:55.2130000Z,2021-05-20T18:00:00.8433333Z,2014-07-04T10:40:55.2130000Z,2015-09-01T10:01:40.6600000Z,2014-06-25T01:00:40.0000000Z,2015-09-01T10:00:44.0000000Z,3,0,0,0,ff7412d0-d8be-4574-bd72-00121938aa5c,0.01779840867
SVC,El Salvador Colon,0,2014-07-14,2021-05-20,2017-04-27T19:49:01.9695667Z,2021-05-20T18:00:00.8433333Z,2017-04-27T19:49:01.9695667Z,2020-08-05T13:21:43.9782623Z,2014-07-14T10:09:42.0000000Z,2021-05-20T18:00:04.1900000Z,19,0,0,0,ff7412d0-d8be-4574-bd72-00121938aa5c,0.01779840867
SBC,StrikeBitClub,1,2014-07-18,2021-05-20,2017-03-18T23:03:11.0317592Z,2021-05-20T18:00:00.8433333Z,2017-03-18T23:03:11.0317592Z,2020-08-05T11:42:49.0000000Z,2014-07-18T10:15:00.0000000Z,2021-04-02T11:15:11.9363747Z,20,0,0,0,d92dc187-ac36-4209-af31-dcda0422b130,0.01779840867
ORO,ORO,1,2014-07-28,2021-05-20,2017-03-14T20:05:13.3796574Z,2021-05-20T18:00:00.8433333Z,2017-03-14T20:05:13.3796574Z,2019-09-03T07:41:10.9332776Z,2014-07-28T09:46:12.0000000Z,2021-05-20T18:00:04.1900000Z,15,4213.07,127599.9,3468079.81,bde625d6-2293-42cc-b4b0-9e08356a3878,0.196682785
TOR,Torcoin,1,2014-07-30,2021-05-20,2017-04-12T00:40:30.5669550Z,2021-05-20T18:00:00.8433333Z,2017-04-12T00:40:30.5669550Z,2020-08-05T13:52:15.4881207Z,2014-07-30T23:41:13.0000000Z,2021-05-20T18:00:04.1900000Z,19,0,0,0,ebd37265-8500-4a99-9261-48fbc0689529,0.196682785
KST,StarCoin,1,2014-09-04,2021-05-20,2014-09-10T15:35:24.5730000Z,2021-05-20T18:00:00.8433333Z,2014-09-10T15:35:24.5730000Z,2020-08-05T14:37:20.2695623Z,2014-09-04T13:48:34.9600000Z,2021-05-20T18:00:04.1900000Z,9,36753.53,3640217.58,56763839.81,18410e75-0ee8-49b3-87ed-3f55d6dcc9a8,0.4883045512
VEF,Bolivar Fuerte,0,2014-08-15,2021-04-30,2017-03-14T20:05:02.7389439Z,2021-04-30T07:45:00.6359798Z,2017-03-14T20:05:02.7389439Z,2020-08-05T11:57:26.7892745Z,2014-08-15T17:27:03.0000000Z,2015-02-19T16:03:23.0000000Z,3,0,0,0,18410e75-0ee8-49b3-87ed-3f55d6dcc9a8,0.4883045512
BTS,BitShares,1,2014-09-27,2021-05-20,2016-06-12T11:53:38.1523879Z,2021-05-20T18:08:41.2646346Z,2016-06-12T11:53:38.1523879Z,2020-08-05T14:37:58.2900454Z,2014-09-27T15:51:07.0000000Z,2021-05-20T18:00:04.1900000Z,540,2732909.46,87472876.64,1800739983,d2c0f3ff-cebc-4476-baea-030357d0a68d,0.06295166066
NXT,Nxt,1,2014-09-28,2021-05-20,2016-06-12T11:53:38.1523879Z,2021-05-20T18:07:55.7357584Z,2016-06-12T11:53:38.1523879Z,2020-08-05T14:37:20.1215185Z,2014-09-28T12:59:23.0000000Z,2021-05-20T18:00:04.1900000Z,57,23983.66,1057087.91,74764834.23,777e9aac-ba2c-4284-a4c7-abeaf87b8256,0.0497905491
BURST,Burst,1,2014-10-11,2021-05-20,2016-06-12T11:53:38.1523879Z,2021-05-20T18:01:34.1909129Z,2016-06-12T11:53:38.1523879Z,2020-08-05T14:35:55.8280959Z,2014-10-11T09:42:18.0000000Z,2021-05-20T18:00:04.1900000Z,15,2067.3,377274.28,7841841.18,48af9c8d-4ad9-456e-ba8f-48028c3ef1ca,0.01995729919
PKR,Pakistan Rupee,0,2014-10-14,2021-04-19,2017-03-14T20:05:08.4199204Z,2021-04-19T10:14:46.4827171Z,2017-03-14T20:05:08.4199204Z,2020-07-28T15:22:52.3290623Z,2014-10-14T04:46:00.0000000Z,2015-10-15T13:19:33.0000000Z,3,0,0,0,48af9c8d-4ad9-456e-ba8f-48028c3ef1ca,0.01995729919
U,UCoin,1,2014-12-09,2021-05-20,2017-03-14T20:05:48.3935604Z,2021-05-20T18:00:00.8433333Z,2017-03-14T20:05:48.3935604Z,2020-08-05T12:44:19.0000000Z,2014-12-09T14:53:42.0000000Z,2021-05-20T18:00:04.1900000Z,25,0,0,0,f32f9586-011f-4358-825c-71a0f1a2981d,0.01995729919
BRL,Brazilian Real,0,2014-12-11,2021-05-20,2017-03-14T20:05:02.3943786Z,2021-05-20T18:08:52.8875162Z,2017-03-14T20:05:02.3943786Z,2020-08-05T14:37:55.1169844Z,2014-12-11T10:31:07.0000000Z,2021-05-20T18:00:04.1900000Z,212,33314385.4,776303937.8,6956324826,e2742ef9-cce2-458d-89d9-d19152746997,0.1861551857
CLP,Chilean Peso,0,2014-12-12,2021-05-20,2017-03-14T20:05:03.2582137Z,2021-05-20T18:08:14.7038171Z,2017-03-14T20:05:03.2582137Z,2020-08-05T14:37:11.4891574Z,2014-12-12T16:36:44.0000000Z,2021-05-20T18:00:04.1900000Z,32,578439.17,19554541.53,255369640.1,e2742ef9-cce2-458d-89d9-d19152746997,0.001378909128
MUE,MonetaryUnit,1,2014-12-28,2021-05-20,2017-03-14T20:04:34.6379623Z,2021-05-20T18:00:00.8433333Z,2017-03-14T20:04:34.6379623Z,2020-08-05T14:27:28.4779065Z,2014-12-28T13:04:35.0000000Z,2021-05-20T18:00:04.1900000Z,36,30.11,9462.05,574862.2,7964c739-a6ba-455f-add2-3aeb5a829a0b,0.01244861237
BITCNY,bitCNY,1,2014-11-20,2021-04-09,2016-06-12T11:53:38.1523879Z,2021-04-09T22:20:02.7397781Z,2016-06-12T11:53:38.1523879Z,2020-08-05T12:35:51.4797143Z,2014-11-20T17:58:52.0000000Z,2020-11-08T09:41:52.0000000Z,84,0,0,0,b544e51a-7430-42ef-8a21-36c83d5f7ca1,0.01244861237
SONG,SongCoin,1,2015-01-03,2021-05-20,2017-03-14T20:27:30.2499453Z,2021-05-20T18:00:00.8433333Z,2017-03-14T20:27:30.2499453Z,2019-10-07T14:38:12.7757951Z,2015-01-03T20:34:54.0000000Z,2021-05-20T18:00:04.1900000Z,25,0,0,0,75bc12a3-b27b-4297-83db-475d7856e6ff,0.01244861237
CON,PayCon,1,2015-01-04,2021-05-20,2017-03-14T20:05:08.6513150Z,2021-05-20T18:03:01.7800256Z,2017-03-14T20:05:08.6513150Z,2020-08-05T14:36:09.0000000Z,2015-01-04T23:42:04.0000000Z,2021-05-20T18:00:04.1900000Z,33,143.51,315941.01,15670448.72,75bc12a3-b27b-4297-83db-475d7856e6ff,0.003623618278
NAV,NAVCoin,1,2015-01-06,2021-05-20,2016-06-12T11:53:38.1523879Z,2021-05-20T18:05:56.9480000Z,2016-06-12T11:53:38.1523879Z,2020-08-05T14:37:34.0880000Z,2015-01-06T19:51:51.0000000Z,2021-05-20T18:00:04.1900000Z,46,31566.52,1469856.63,81770469.95,2a77f457-9267-472a-9225-5c4d2e6cc9ad,0.3372295377
WC,WINCOIN,1,2014-04-26,2020-08-28,2017-11-10T19:29:20.0972201Z,2020-08-28T07:22:01.2019314Z,2017-11-10T19:29:20.0972201Z,2020-08-05T12:44:22.0331220Z,2014-04-26T10:18:20.0000000Z,2020-08-28T01:57:06.0000000Z,14,0,0,0,317320fb-5b13-4c74-856c-5901e77f9d3c,0.3372295377
MCC,MCC,1,2015-01-19,2021-05-20,2017-03-14T20:05:38.0643147Z,2021-05-20T18:00:00.8433333Z,2017-03-14T20:05:38.0643147Z,2020-08-05T11:54:49.8642766Z,2015-01-19T11:07:37.0000000Z,2021-05-20T18:00:04.1900000Z,313,11231.76,313601.81,5118395.09,317320fb-5b13-4c74-856c-5901e77f9d3c,0.001044532875
RICE,RICE,1,2015-01-30,2021-05-20,2017-03-18T22:58:18.3396481Z,2021-05-20T18:00:00.8433333Z,2017-03-18T22:58:18.3396481Z,2019-08-02T17:42:02.4483021Z,2015-01-30T18:45:25.0000000Z,2021-05-20T18:00:04.1900000Z,7,0,95.54,5087,0c5a5f16-9720-4e92-80ea-7d6325634475,3.454222625
GEO,GeoCoin,1,2015-01-31,2021-05-20,2016-06-12T11:53:38.1523879Z,2021-05-20T18:00:00.8433333Z,2016-06-12T11:53:38.1523879Z,2020-08-05T14:36:44.0015233Z,2015-01-31T16:52:10.0000000Z,2021-05-20T18:00:04.1900000Z,18,11181.22,237780.78,6672848.56,d36c1cd0-d4d2-438f-b780-bc2966fdaa7f,0.4779871955
BITSD,BitSend,1,2015-02-11,2021-05-20,2017-03-14T20:05:32.1572553Z,2021-05-20T18:00:00.8433333Z,2017-03-14T20:05:32.1572553Z,2020-08-05T14:06:47.0139136Z,2015-02-11T06:09:47.0000000Z,2021-05-20T18:00:04.1900000Z,33,0.38,207.75,1898.6,1a676ecb-8136-459a-a03a-4d7df20202a5,0.004410172369
TOP,TopCoin,0,2015-02-16,2021-05-20,2017-03-18T23:26:38.0115443Z,2021-05-20T18:05:39.1724462Z,2017-03-18T23:26:38.0115443Z,2020-08-05T14:37:58.7934268Z,2015-02-16T12:37:03.0000000Z,2021-05-20T18:00:04.1900000Z,39,186450.33,3569131.33,60160043.7,20ad35de-cb32-4dd3-9b62-fdd78059ee5d,0.002320909325
RED,RedCoin,1,2015-02-20,2021-05-20,2017-01-09T00:06:42.7844495Z,2021-05-20T18:00:00.8433333Z,2017-01-09T00:06:42.7844495Z,2020-08-05T14:37:17.4288498Z,2015-02-20T08:02:58.0000000Z,2021-05-20T18:00:04.1900000Z,17,0,0,0,b311861c-b258-4939-82df-963c33e31950,0.002320909325
AMBER,AmberCoin,1,2015-03-07,2021-05-20,2017-03-14T20:03:18.3108238Z,2021-05-20T18:00:00.8433333Z,2017-03-14T20:03:18.3108238Z,2019-08-02T15:52:26.1960271Z,2015-03-07T03:19:26.0000000Z,2021-05-20T18:00:04.1900000Z,21,0,0,0,b311861c-b258-4939-82df-963c33e31950,0.002320909325
MTLMC,Metal Music Coin,1,2015-03-11,2021-05-20,2017-03-14T20:06:28.1494137Z,2021-05-20T18:00:00.8433333Z,2017-03-14T20:06:28.1494137Z,2019-08-02T17:20:24.4466420Z,2015-03-11T06:35:38.0000000Z,2021-05-20T18:00:04.1900000Z,15,0,0,0,3fda1ae2-033d-4d3f-8049-37599dfca907,0.002320909325
GUN,Guncoin,1,2015-03-16,2021-05-20,2017-03-14T20:38:59.7861585Z,2021-05-20T18:00:00.8433333Z,2017-03-14T20:38:59.7861585Z,2020-08-05T13:55:29.2369904Z,2015-03-16T00:03:15.0000000Z,2021-05-20T18:00:04.1900000Z,15,0,0,0,bf66be9c-520f-40e9-ab1b-6f1a0a61255d,0.002320909325
TIT,Titcoin,1,2015-03-17,2021-05-20,2017-03-18T22:59:15.8894828Z,2021-05-20T18:00:00.8433333Z,2017-03-18T22:59:15.8894828Z,2020-08-05T11:46:17.5100980Z,2015-03-17T11:39:13.0000000Z,2021-05-20T18:00:04.1900000Z,23,0,0,0,dc9cf9cc-5cb4-48b1-9c06-7b004e6af45e,0.002320909325
CRAVE,Crave,1,2015-03-27,2021-05-20,2017-03-18T23:54:49.9533395Z,2021-05-20T18:00:00.8433333Z,2017-03-18T23:54:49.9533395Z,2019-11-25T07:53:37.2876284Z,2015-03-27T12:26:17.0000000Z,2021-05-20T18:00:04.1900000Z,30,0,0,0,40f83fc5-e447-4f2a-864d-0ef755c87b69,0.002320909325
FONZ,Fonziecoin,1,2015-03-28,2021-05-20,2017-03-14T20:06:45.1459612Z,2021-05-20T18:07:35.8789388Z,2017-03-14T20:06:45.1459612Z,2019-08-02T17:04:49.6889644Z,2015-03-28T00:07:18.0000000Z,2021-05-20T18:00:04.1900000Z,15,0,0,0,5edbf9f2-6790-44d9-8d09-704a8e60b1c0,0.002320909325
ETCO,ETCO,1,2015-02-20,2021-04-09,2017-03-18T23:41:18.7823242Z,2021-04-09T22:06:29.5732563Z,2017-03-18T23:41:18.7823242Z,2019-08-01T23:42:54.2471169Z,2015-02-20T11:19:25.0000000Z,2018-12-12T21:19:02.0000000Z,6,0,0,0,5edbf9f2-6790-44d9-8d09-704a8e60b1c0,0.002320909325
SQL,SQL,1,2015-04-07,2021-05-20,2017-03-14T20:29:03.7366716Z,2021-05-20T18:00:00.8433333Z,2017-03-14T20:29:03.7366716Z,2019-08-02T17:08:51.2360638Z,2015-04-07T19:34:22.0000000Z,2021-05-20T18:00:04.1900000Z,14,0,0,0,5edbf9f2-6790-44d9-8d09-704a8e60b1c0,0.002320909325
DUCK,DUCK,1,2015-04-08,2021-05-20,2017-03-14T20:07:12.1392705Z,2021-05-20T18:04:28.6157677Z,2017-03-14T20:07:12.1392705Z,2019-01-14T06:19:45.0236801Z,2015-04-08T15:11:30.0000000Z,2021-05-20T18:00:04.1900000Z,13,86394.28,2046012.37,63791689.72,5edbf9f2-6790-44d9-8d09-704a8e60b1c0,0.6264692375
NTC,Natcoin,1,2015-02-08,2021-03-11,2017-03-14T20:05:55.1486725Z,2021-03-11T13:09:41.8986521Z,2017-03-14T20:05:55.1486725Z,2020-08-05T12:39:18.3293866Z,2015-02-08T03:47:57.0000000Z,2020-08-31T15:06:10.0000000Z,19,0,0,0,5edbf9f2-6790-44d9-8d09-704a8e60b1c0,0.6264692375
OZC,OZC,1,2015-04-20,2021-05-20,2017-03-14T20:07:29.1462397Z,2021-05-20T18:00:00.8433333Z,2017-03-14T20:07:29.1462397Z,2019-08-02T17:15:32.5461892Z,2015-04-20T17:16:17.0000000Z,2021-05-20T18:00:04.1900000Z,15,0,0,0,6e81011e-8978-45e9-9287-2d5b41843bde,0.6264692375
LUX,LUXCoin,1,2015-04-24,2021-05-20,2017-03-19T05:46:19.5930865Z,2021-05-20T18:08:10.3902107Z,2017-03-19T05:46:19.5930865Z,2020-08-05T14:28:19.1227636Z,2015-04-24T05:44:34.0000000Z,2021-05-20T18:00:04.1900000Z,24,0,1344.79,237231.69,23d814be-3917-4081-bd6b-a17fa401481f,0.1632151399
BOB,Boliviano,0,2015-04-25,2021-05-20,2017-03-14T20:07:01.1459869Z,2021-05-20T18:00:00.8433333Z,2017-03-14T20:07:01.1459869Z,2020-08-05T14:22:08.6050000Z,2015-04-25T10:14:45.0000000Z,2021-05-20T18:00:04.1900000Z,50,0,0,0,23d814be-3917-4081-bd6b-a17fa401481f,0.1632151399
AIB,Advanced Internet Blocks,1,2015-04-27,2021-05-20,2017-03-14T20:51:43.3266163Z,2021-05-20T18:00:00.8433333Z,2017-03-14T20:51:43.3266163Z,2020-02-22T01:25:16.2564964Z,2015-04-27T03:19:15.0000000Z,2021-05-20T18:00:04.1900000Z,16,0,0,0,25e20c94-55b2-40eb-9e43-0ff1b4fb9119,0.1632151399
ACP,AnarchistsPrime,1,2015-05-01,2021-05-20,2017-03-14T20:06:32.9221762Z,2021-05-20T18:00:00.8433333Z,2017-03-14T20:06:32.9221762Z,2019-10-16T03:56:15.2558241Z,2015-05-01T21:34:33.0000000Z,2021-05-20T18:00:04.1900000Z,18,0,0,0,25e20c94-55b2-40eb-9e43-0ff1b4fb9119,0.1632151399
BTX,Bitcore,1,2015-05-02,2021-05-20,2017-03-17T14:45:32.1502627Z,2021-05-20T18:07:05.2502952Z,2017-03-17T14:45:32.1502627Z,2020-08-05T14:36:15.6487793Z,2015-05-02T04:16:29.0000000Z,2021-05-20T18:00:04.1900000Z,58,6.95,1017.03,149424.43,604814ca-c0d8-481d-bea8-852d127e18a4,0.4937871038
DRZ,Droidz,1,2015-05-02,2021-05-20,2017-03-17T14:45:59.1830505Z,2021-05-20T18:06:42.5167260Z,2017-03-17T14:45:59.1830505Z,2019-08-02T16:22:51.5671426Z,2015-05-02T19:37:34.0000000Z,2021-05-20T18:00:04.1900000Z,10,0,0,0,5a8e66d1-f2f0-43fe-960f-0d81df2dc198,0.4937871038
BSTY,GlobalBoost-Y,1,2015-05-08,2021-05-20,2017-03-14T20:22:25.1069680Z,2021-05-20T18:01:11.7460928Z,2017-03-14T20:22:25.1069680Z,2020-08-05T14:35:59.8728089Z,2015-05-08T01:49:39.0000000Z,2021-05-20T18:00:04.1900000Z,32,0,0,0,342ebeb4-79a7-4b5f-b069-e6d78581068d,0.4937871038
PXC,Phoenixcoin,1,2015-05-16,2021-05-20,2017-03-14T20:07:07.1499670Z,2021-05-20T18:00:00.8433333Z,2017-03-14T20:07:07.1499670Z,2020-08-05T14:13:56.2803756Z,2015-05-16T22:57:04.0000000Z,2021-05-20T18:00:04.1900000Z,20,0,0,0,342ebeb4-79a7-4b5f-b069-e6d78581068d,0.4937871038
LOG,Woodcoin,1,2015-05-18,2021-05-20,2017-03-18T22:52:46.3459360Z,2021-05-20T18:00:00.8433333Z,2017-03-18T22:52:46.3459360Z,2020-08-05T14:20:27.0288026Z,2015-05-18T16:04:09.0000000Z,2021-05-20T18:00:04.1900000Z,13,310.85,35305.35,711129.12,81f07b51-b383-452e-bf51-12499d4bb65c,0.06797337547
DEM,Deutsche Mark,0,2015-05-20,2021-05-20,2017-03-18T22:54:05.7367297Z,2021-05-20T18:00:00.8433333Z,2017-03-18T22:54:05.7367297Z,2020-08-05T13:33:18.1663387Z,2015-05-20T03:30:52.0000000Z,2021-05-20T18:00:04.1900000Z,29,0,0,0,e2407b50-de2d-4832-9cbe-62a21cf1ed01,0.06797337547
CRW,Crown,1,2015-05-21,2021-05-20,2017-03-14T20:39:49.8872852Z,2021-05-20T18:02:03.7247137Z,2017-03-14T20:39:49.8872852Z,2020-08-05T14:37:11.4951761Z,2015-05-21T18:48:41.0000000Z,2021-05-20T18:00:04.1900000Z,28,77.99,8066.77,400282.44,42c95b72-a2ef-4738-a8db-31434642defe,0.1132230934
CESC,CryptoEscudo,1,2015-05-22,2021-05-20,2017-03-14T20:04:47.0232524Z,2021-05-20T18:00:00.8433333Z,2017-03-14T20:04:47.0232524Z,2019-10-07T01:54:54.1273220Z,2015-05-22T09:27:48.0000000Z,2021-05-20T18:00:04.1900000Z,16,0,0,0,2ae0e274-2cff-4813-bc95-09aede46a346,0.1132230934
SKC,Skeincoin,1,2015-05-25,2021-05-20,2017-03-18T22:57:13.7455637Z,2021-05-20T18:01:36.6753416Z,2017-03-18T22:57:13.7455637Z,2020-08-03T18:22:36.4357367Z,2015-05-25T15:06:20.0000000Z,2019-10-04T10:33:00.0000000Z,17,0,0,0,fedf4d40-ada1-4fa0-bd47-0ea228323f9a,0.1132230934
LTS,LTS,1,2015-06-02,2021-05-20,2017-01-09T00:15:07.4994021Z,2021-05-20T18:00:00.8433333Z,2017-01-09T00:15:07.4994021Z,2019-08-02T17:40:48.1068295Z,2015-06-02T23:15:46.0000000Z,2021-05-20T18:00:04.1900000Z,12,0,0,0,fedf4d40-ada1-4fa0-bd47-0ea228323f9a,0.1132230934
BAY,BitBay,1,2015-04-14,2021-03-30,2017-01-09T01:00:03.4401781Z,2021-03-30T03:16:09.6214174Z,2017-01-09T01:00:03.4401781Z,2020-07-10T11:15:54.1546328Z,2015-04-14T14:17:24.0000000Z,2021-03-26T15:40:45.5220000Z,19,0,0,0,d376a28b-d67d-4861-a39d-09be0666ae8f,0.1132230934
MARS,Marscoin,1,2015-06-07,2021-05-20,2017-03-18T22:50:22.7157839Z,2021-05-20T18:03:00.7119182Z,2017-03-18T22:50:22.7157839Z,2020-02-05T13:16:30.7027038Z,2015-06-07T10:54:35.0000000Z,2021-05-20T18:00:04.1900000Z,36,27389,1814455.31,45562178.52,457ba170-71fd-48fa-9423-4dc1b1cbe9b1,0.02410683665
UNO,Unobtanium,1,2015-06-11,2021-05-20,2017-03-14T20:04:11.6300265Z,2021-05-20T18:00:34.1649825Z,2017-03-14T20:04:11.6300265Z,2020-08-05T14:28:50.1894033Z,2015-06-11T01:39:58.0000000Z,2021-05-20T18:00:04.1900000Z,539,5378815.78,145069372,3055987097,8a621941-1dc6-44d9-9321-91b3971909e4,116.3982075
SPN,SPN,1,2015-06-13,2021-05-20,2017-03-14T20:06:50.1350356Z,2021-05-20T18:00:00.8433333Z,2017-03-14T20:06:50.1350356Z,2020-08-05T14:03:02.6705184Z,2015-06-13T02:38:12.0000000Z,2021-01-09T12:19:56.8670000Z,16,0,0,0,8a621941-1dc6-44d9-9321-91b3971909e4,116.3982075
XVG,Verge,1,2015-06-13,2021-05-20,2017-03-14T20:06:01.2605150Z,2021-05-20T18:08:45.5968590Z,2017-03-14T20:06:01.2605150Z,2020-08-05T14:37:58.7419639Z,2015-06-13T02:54:59.0000000Z,2021-05-20T18:00:04.1900000Z,125,1535381.89,68064226.51,2733293395,e075b03c-7700-4fae-bec9-6a0b9ce6e75b,0.03097724391
DGB,DigiByte,1,2015-06-13,2021-05-20,2016-06-12T11:53:38.1523879Z,2021-05-20T18:08:53.2903971Z,2016-06-12T11:53:38.1523879Z,2020-08-05T14:37:56.9000000Z,2015-06-13T02:55:52.0000000Z,2021-05-20T18:00:04.1900000Z,188,5759686.07,204791592.6,4411008341,1f6e12c2-4d6f-4144-9dd7-8862cca8d4e8,0.08994001697
FUNK,The Cypherfunks,1,2015-06-13,2021-05-20,2017-03-14T20:07:34.1369973Z,2021-05-20T18:00:00.8433333Z,2017-03-14T20:07:34.1369973Z,2019-10-07T14:38:58.1241506Z,2015-06-13T02:57:39.0000000Z,2021-05-20T18:00:04.1900000Z,22,0,0,0,ed7071ac-584c-4836-a919-dd755fab58ee,0.08994001697
XMG,Magi,1,2015-06-14,2021-05-20,2016-06-12T11:53:38.1680117Z,2021-05-20T18:00:00.8433333Z,2016-06-12T11:53:38.1680117Z,2020-02-22T01:04:46.8633879Z,2015-06-14T16:19:38.0000000Z,2021-05-20T18:00:04.1900000Z,27,0,0,0,6bd2ab53-115d-4f7c-9a87-eeda1545ad5d,0.08994001697
FLN,FLN,1,2015-05-19,2021-04-23,2017-03-14T20:08:18.1718296Z,2021-04-23T14:06:12.4643162Z,2017-03-14T20:08:18.1718296Z,2019-12-14T19:08:23.0900059Z,2015-05-19T19:35:24.0000000Z,2021-03-21T15:10:04.0000000Z,13,0,0,0,6bd2ab53-115d-4f7c-9a87-eeda1545ad5d,0.08994001697
SAK,Sharkcoin,1,2015-06-16,2021-05-20,2017-03-14T20:08:57.1669375Z,2021-05-20T18:00:00.8433333Z,2017-03-14T20:08:57.1669375Z,2019-08-02T17:37:32.3114548Z,2015-06-16T17:08:23.0000000Z,2021-05-20T18:00:04.1900000Z,15,0,0,0,e9e37f82-abf5-4257-b08e-9d7dd69f1671,0.08994001697
CCB,CCB,1,2015-06-16,2021-05-20,2017-03-14T20:05:01.6461224Z,2021-05-20T18:00:00.8433333Z,2017-03-14T20:05:01.6461224Z,2019-10-07T14:38:49.0913449Z,2015-06-16T18:32:42.0000000Z,2021-05-20T18:00:04.1900000Z,19,0,0,0,e9e37f82-abf5-4257-b08e-9d7dd69f1671,0.08994001697
XPD,PetroDollar,0,2015-06-17,2021-05-20,2017-03-14T20:40:40.2607037Z,2021-05-20T18:00:00.8433333Z,2017-03-14T20:40:40.2607037Z,2020-08-05T12:03:10.5046272Z,2015-06-17T19:25:59.0000000Z,2021-05-20T18:00:04.1900000Z,23,0,0,0,131a8bba-35b4-43db-bd6e-75446a7b11e8,0.08994001697
AC,AsiaCoin,1,2015-06-19,2021-05-20,2017-01-09T00:28:43.8251955Z,2021-05-20T18:06:19.7515704Z,2017-01-09T00:28:43.8251955Z,2020-08-05T11:50:07.4126671Z,2015-06-19T20:54:38.0000000Z,2021-05-20T18:00:04.1900000Z,35,765.58,25224.38,754474.52,c6ca2c57-e38b-4291-a27e-5102911b8985,0.1765040423
8BIT,8Bit,1,2015-06-19,2021-05-20,2017-03-14T20:21:57.7275885Z,2021-05-20T18:00:00.8433333Z,2017-03-14T20:21:57.7275885Z,2019-08-02T17:41:19.1400940Z,2015-06-19T20:58:30.0000000Z,2021-05-20T18:00:04.1900000Z,21,0,0,0,249b6ac1-8d87-4964-81fb-d9b26e6f37b8,0.1765040423
TES,TeslaCoin,1,2015-06-20,2021-05-20,2017-03-14T20:09:02.1849670Z,2021-05-20T18:00:00.8433333Z,2017-03-14T20:09:02.1849670Z,2019-10-19T10:55:57.3543035Z,2015-06-20T19:44:43.0000000Z,2021-05-20T18:00:04.1900000Z,26,0,0,0,512636a0-41f4-41ac-98aa-4ba2187fe49c,0.1765040423
XFC,XFC,1,2015-06-22,2021-05-20,2017-03-14T20:15:47.4757279Z,2021-05-20T18:00:00.8433333Z,2017-03-14T20:15:47.4757279Z,2020-08-05T14:30:37.3284332Z,2015-06-22T14:38:43.0000000Z,2021-05-20T18:00:04.1900000Z,17,12800.15,317200.1,8655915.04,512636a0-41f4-41ac-98aa-4ba2187fe49c,0.01014462515
ANI,Animecoin,1,2015-06-22,2021-05-20,2017-03-14T20:09:30.1846749Z,2021-05-20T18:06:41.0902745Z,2017-03-14T20:09:30.1846749Z,2019-10-07T14:38:41.1694925Z,2015-06-22T21:37:28.0000000Z,2021-05-20T18:00:04.1900000Z,37,0,0,0,2f8aae9c-f88d-4b36-9080-76c9152909e3,0.01014462515
DUO,ParallelCoin,1,2015-06-23,2021-05-20,2017-03-18T22:55:04.6195964Z,2021-05-20T18:00:00.8433333Z,2017-03-18T22:55:04.6195964Z,2020-08-05T14:23:54.0401322Z,2015-06-23T03:24:23.0000000Z,2021-05-20T18:00:04.1900000Z,41,0,0,0,732f8a6f-eb20-4c2f-941f-1e44cdf873cc,0.01014462515
GRW,GRW,1,2015-06-24,2021-05-20,2017-03-14T20:10:44.6826809Z,2021-05-20T18:00:00.8433333Z,2017-03-14T20:10:44.6826809Z,2020-08-05T13:59:14.5074047Z,2015-06-24T09:34:28.0000000Z,2021-04-24T09:59:09.0000000Z,16,0,0,0,9207b1d3-a5cf-4e22-a10d-4471bc03bc66,0.01014462515
PLC,PlusCoin,1,2015-06-24,2021-05-20,2017-03-14T20:50:51.3599455Z,2021-05-20T18:05:13.7581468Z,2017-03-14T20:50:51.3599455Z,2020-08-05T14:37:02.8175486Z,2015-06-24T23:17:11.0000000Z,2021-05-20T18:00:04.1900000Z,59,13892.45,422990.69,11709930.15,f44f0910-b107-40c5-a46b-5709175579be,2.289161497
SHA,SHACoin,1,2015-06-25,2021-05-20,2017-03-14T20:08:35.1597672Z,2021-05-20T18:04:07.0428400Z,2017-03-14T20:08:35.1597672Z,2020-08-05T14:37:26.9598067Z,2015-06-25T22:31:15.0000000Z,2021-05-20T18:00:04.1900000Z,22,105385.48,1989651.39,161260953.2,52fb234d-71f0-4455-9e49-121b54eeaa72,0.006302766475
SJW,SJWCoin,1,2015-06-27,2021-05-20,2017-03-14T20:09:45.6810119Z,2021-05-20T18:00:00.8433333Z,2017-03-14T20:09:45.6810119Z,2020-07-23T14:47:34.4271254Z,2015-06-27T17:37:36.0000000Z,2021-05-20T18:00:04.1900000Z,17,0,0,0,84b0dfec-c4ea-4418-85db-063d8d510847,0.006302766475
$PAC,PACcoin,1,2015-06-27,2021-05-20,2017-03-14T20:07:51.1368518Z,2021-05-20T18:06:28.4197600Z,2017-03-14T20:07:51.1368518Z,2020-08-05T14:36:59.1501513Z,2015-06-27T21:27:46.0000000Z,2021-05-20T18:00:04.1900000Z,82,300.92,56339.21,2671715.17,2aeb5667-19bb-44d6-a61f-1ed5f9d5a208,0.009947565207
MOTO,Motocoin,1,2015-06-27,2021-05-20,2017-03-18T22:54:36.2208037Z,2021-05-20T18:00:00.8433333Z,2017-03-18T22:54:36.2208037Z,2019-08-02T17:40:05.8682497Z,2015-06-27T21:30:13.0000000Z,2021-05-20T18:00:04.1900000Z,15,0,0,0,9cfae295-9c78-46cb-af68-880372e3b655,0.009947565207
LEA,LeaCoin,1,2015-06-27,2021-05-20,2017-03-14T20:07:45.1734369Z,2021-05-20T18:00:00.8433333Z,2017-03-14T20:07:45.1734369Z,2020-08-04T19:42:09.7146074Z,2015-06-27T21:33:57.0000000Z,2021-05-20T18:00:04.1900000Z,16,0,0,0,a0d824ae-37fd-4532-a9cb-9266d53847da,0.009947565207
UNC,UNCoin,1,2015-06-27,2021-05-20,2017-03-14T20:09:03.4016587Z,2021-05-20T18:00:00.8433333Z,2017-03-14T20:09:03.4016587Z,2020-08-05T14:36:52.7553261Z,2015-06-27T23:35:14.0000000Z,2021-03-13T02:46:04.6600000Z,320,0,0,0,29dac7b8-fa8f-4380-98bc-43ad878b3675,0.009947565207
FJC,FujiCoin,1,2015-06-28,2021-05-20,2017-03-14T20:19:19.5556130Z,2021-05-20T18:00:00.8433333Z,2017-03-14T20:19:19.5556130Z,2020-08-05T12:14:21.6058812Z,2015-06-28T16:09:43.0000000Z,2021-05-20T18:00:04.1900000Z,30,0,0,0,27fe3b26-8c90-4c64-a933-03597d87645a,0.009947565207
SOON,SoonCoin,1,2015-06-30,2021-05-20,2017-03-14T20:08:02.1606515Z,2021-05-20T18:00:00.8433333Z,2017-03-14T20:08:02.1606515Z,2020-08-05T12:56:39.2207145Z,2015-06-30T06:48:16.0000000Z,2021-02-03T13:08:40.0000000Z,16,0,0,0,2f1e6f40-b9d5-423d-a8d8-da2ef6cafbc6,0.009947565207
ADC,AudioCoin,1,2015-07-03,2021-05-20,2017-03-14T20:04:25.7449674Z,2021-05-20T18:00:50.1563318Z,2017-03-14T20:04:25.7449674Z,2020-08-05T14:21:40.2858969Z,2015-07-03T08:26:56.0000000Z,2021-05-20T18:00:04.1900000Z,35,0,0,0,3ee09a83-b8ad-409c-91ac-a9cf9ac92c1f,0.009947565207
V,Version,1,2015-07-09,2021-05-20,2017-03-14T20:09:51.6731356Z,2021-05-20T18:00:00.8433333Z,2017-03-14T20:09:51.6731356Z,2020-08-05T14:35:07.3294336Z,2015-07-09T11:46:47.0000000Z,2020-08-04T19:49:12.0270000Z,34,0,0,0,55a0cfcf-34a7-4826-998f-b5580f6035ce,0.009947565207
POLY,Polymath,1,2015-07-11,2021-05-20,2017-03-19T01:25:18.2348427Z,2021-05-20T18:08:43.5332868Z,2017-03-19T01:25:18.2348427Z,2020-08-05T14:37:58.1985861Z,2015-07-11T13:53:24.0000000Z,2021-05-20T18:00:04.1900000Z,76,115541.02,10852416.32,336361463.5,55a0cfcf-34a7-4826-998f-b5580f6035ce,0.2422539486
HYP,HyperStake,1,2015-07-13,2021-05-20,2016-06-12T11:53:38.1523879Z,2021-05-20T18:00:00.8433333Z,2016-06-12T11:53:38.1523879Z,2020-08-05T14:32:44.3788196Z,2015-07-13T07:43:57.0000000Z,2021-05-20T18:00:04.1900000Z,23,0,0,0,bf6fb5f7-fa1a-4ff3-b32c-b3c8de268d8d,0.2422539486
TTC,TittieCoin,1,2015-07-13,2021-05-20,2017-03-14T20:09:56.7045265Z,2021-05-20T18:00:00.8433333Z,2017-03-14T20:09:56.7045265Z,2020-08-05T14:37:42.4255870Z,2015-07-13T12:48:14.0000000Z,2021-05-20T18:00:04.1900000Z,36,0,0,0,2b78fa17-2189-43b1-9d6a-e04ca80c236a,0.2422539486
VGC,VegasCoin,1,2015-07-22,2021-05-20,2017-03-18T23:22:13.7241516Z,2021-05-20T18:00:00.8433333Z,2017-03-18T23:22:13.7241516Z,2019-01-14T06:27:01.7018019Z,2015-07-22T18:18:51.0000000Z,2021-05-20T18:00:04.1900000Z,23,0,0,0,3ec6f1a3-3886-4dd9-9bee-19b2302fc247,0.2422539486
QRK,Quark,1,2015-06-26,2021-04-23,2017-01-09T00:02:08.2506089Z,2021-04-23T12:33:12.7419859Z,2017-01-09T00:02:08.2506089Z,2020-07-25T10:38:25.8632628Z,2015-06-26T11:19:16.0000000Z,2020-12-15T20:20:51.0000000Z,31,0,0,0,d7006619-e486-4daa-943f-721041f78b42,0.2422539486
ELC,Elacoin,1,2015-07-24,2021-05-20,2017-03-18T22:58:13.8404056Z,2021-05-20T18:03:40.5018780Z,2017-03-18T22:58:13.8404056Z,2019-08-02T17:34:44.7230478Z,2015-07-24T17:51:13.0000000Z,2021-05-20T18:00:04.1900000Z,19,2594.45,69377.23,2198806.56,d7006619-e486-4daa-943f-721041f78b42,0.01193372548
CTO,Crypto,1,2015-07-25,2021-05-20,2017-03-14T20:21:24.4053295Z,2021-05-20T18:00:00.8433333Z,2017-03-14T20:21:24.4053295Z,2020-07-29T08:29:59.2584287Z,2015-07-25T15:33:09.0000000Z,2018-08-22T17:08:22.0000000Z,5,0,0,0,09860746-a120-4b38-ae3b-f29c07e1f836,0.01193372548
IEC,IvugeoCoin,1,2015-07-26,2021-05-20,2017-03-18T22:55:07.6017900Z,2021-05-20T18:00:00.8433333Z,2017-03-18T22:55:07.6017900Z,2019-08-02T17:42:00.1630717Z,2015-07-26T14:47:03.0000000Z,2021-05-20T18:00:04.1900000Z,15,0,0,0,09860746-a120-4b38-ae3b-f29c07e1f836,0.01193372548
SPT,Spots,1,2015-07-26,2021-05-20,2017-03-14T20:10:39.4702627Z,2021-05-20T18:00:00.8433333Z,2017-03-14T20:10:39.4702627Z,2020-08-05T12:03:06.8975378Z,2015-07-26T15:04:32.0000000Z,2021-05-20T18:00:04.1900000Z,29,0,0,0,09860746-a120-4b38-ae3b-f29c07e1f836,0.01193372548
TRK,Truckcoin,1,2015-07-28,2021-05-20,2017-03-14T20:20:13.1160892Z,2021-05-20T18:00:00.8433333Z,2017-03-14T20:20:13.1160892Z,2019-10-07T14:37:53.8306575Z,2015-07-28T20:07:50.0000000Z,2021-05-20T18:00:04.1900000Z,23,0,0,0,926dd085-755f-45e2-a4a7-2c478bdbc52c,0.01193372548
ARI,Aricoin,1,2014-12-23,2020-10-14,2017-03-14T20:31:11.7202333Z,2020-10-14T09:35:40.6440361Z,2017-03-14T20:31:11.7202333Z,2020-08-05T11:57:11.7595199Z,2014-12-23T10:07:51.0000000Z,2020-10-04T14:28:47.0000000Z,10,0,0,0,12586681-1a34-4d0f-823d-51d795d48749,0.01193372548
CFC,CoffeeCoin,1,2015-07-30,2021-05-20,2017-03-14T20:10:29.0715932Z,2021-05-20T18:02:28.1524920Z,2017-03-14T20:10:29.0715932Z,2020-08-05T14:35:17.0377936Z,2015-07-30T13:59:59.0000000Z,2021-05-20T18:00:04.1900000Z,23,0,0,0,f2456f29-649e-4b73-9c81-459592fffa51,0.01193372548
TEK,TEKcoin,1,2015-07-30,2021-05-20,2017-03-14T20:13:00.6819755Z,2021-05-20T18:00:00.8433333Z,2017-03-14T20:13:00.6819755Z,2019-10-07T13:17:44.0368335Z,2015-07-30T14:27:37.0000000Z,2021-05-20T18:00:04.1900000Z,23,0,0,0,86da9770-a4fa-423e-8322-d49c336cf189,0.01193372548
CHC,WIR Franc (for electronic),0,2015-07-31,2021-05-20,2017-03-14T20:10:07.6515445Z,2021-05-20T18:02:28.1524920Z,2017-03-14T20:10:07.6515445Z,2020-08-05T14:35:17.0377936Z,2015-07-31T10:57:47.0000000Z,2020-02-10T14:55:52.1250000Z,20,0,0,0,86da9770-a4fa-423e-8322-d49c336cf189,0.01193372548
WDC,Worldcoin,1,2015-07-31,2021-05-20,2016-06-12T11:53:39.1992621Z,2021-05-20T18:06:51.7338066Z,2016-06-12T11:53:39.1992621Z,2020-08-05T14:32:04.2435287Z,2015-07-31T13:52:27.0000000Z,2021-05-20T18:00:04.1900000Z,32,0,0,0,95a45e5e-50de-41c1-aa4d-f34fb6394bab,0.01193372548
GDC,GrandCoin,1,2015-08-01,2021-05-20,2017-03-18T22:56:49.4430685Z,2021-05-20T18:00:00.8433333Z,2017-03-18T22:56:49.4430685Z,2020-08-05T12:03:02.8961749Z,2015-08-01T17:58:12.0000000Z,2021-05-20T18:00:04.1900000Z,26,2481.93,1018.78,167345.13,b3ee9fe5-9106-4120-8ae3-21e7a090a6a9,0.002379068142
MEC,Megacoin,1,2015-08-02,2021-05-20,2017-01-09T00:01:04.1448831Z,2021-05-20T18:00:00.8433333Z,2017-01-09T00:01:04.1448831Z,2020-08-05T12:51:02.5850036Z,2015-08-02T08:40:44.0000000Z,2021-05-20T18:00:04.1900000Z,24,0,0,0,cd8d83f6-6bca-47fb-a069-0291cddf9eb4,0.002379068142
CRE,Cybereits,1,2015-08-04,2021-05-20,2017-03-14T20:41:58.6229144Z,2021-05-20T18:07:35.1850000Z,2017-03-14T20:41:58.6229144Z,2020-08-05T14:37:56.9551430Z,2015-08-04T13:30:44.0000000Z,2021-05-20T18:00:04.1900000Z,32,128004.81,16525010.49,380940166,2274c403-96ad-4e40-861a-00e75839d4f3,0.009466283982
ETH,Ethereum,1,2015-08-07,2021-05-20,2015-08-07T14:50:38.1774950Z,2021-05-20T18:09:44.0210090Z,2015-08-07T14:50:38.1774950Z,2020-08-05T14:38:33.4327540Z,2015-08-07T15:21:48.1062520Z,2021-05-20T18:00:04.1900000Z,40805,854045689881,31205188522940,1.00204E+15,604ae453-3d9f-4ad0-9a48-9905cce617c2,2745.635943
RC,RussiaCoin,1,2015-08-09,2021-05-20,2017-03-18T22:55:57.4072856Z,2021-05-20T18:00:57.7631108Z,2017-03-18T22:55:57.4072856Z,2020-08-05T14:34:50.0733870Z,2015-08-09T14:54:53.0000000Z,2021-05-20T18:00:04.1900000Z,22,124291.28,5164806.37,150703457.2,604ae453-3d9f-4ad0-9a48-9905cce617c2,6.153274541
TRI,Triangles,1,2015-08-09,2021-05-20,2017-03-14T20:11:07.6759800Z,2021-05-20T18:00:00.8433333Z,2017-03-14T20:11:07.6759800Z,2020-08-05T14:36:43.8492747Z,2015-08-09T22:01:16.0000000Z,2021-03-26T14:52:36.3620000Z,23,0,0,0,0811c44f-c29c-4c39-8a23-7ebc9734f7bf,6.153274541
RBY,Rubycoin,1,2015-08-12,2021-05-20,2016-06-12T11:53:38.1680117Z,2021-05-20T18:00:00.8433333Z,2016-06-12T11:53:38.1680117Z,2019-08-02T17:41:52.4366664Z,2015-08-12T05:30:05.0000000Z,2021-05-20T18:00:04.1900000Z,17,0,0,0,904cb854-f764-4b90-bc43-11e02e4a33cb,6.153274541
EUC,Eurocoin,1,2015-08-13,2021-05-20,2017-03-14T20:11:25.6837160Z,2021-05-20T18:04:49.1680010Z,2017-03-14T20:11:25.6837160Z,2019-08-02T17:41:52.0608780Z,2015-08-13T23:18:40.0000000Z,2021-05-20T18:00:04.1900000Z,15,0,0,0,7bfc0f83-f69c-45e6-988a-e4ccd4eda192,6.153274541
GP,GoldPieces,1,2015-08-17,2021-05-20,2017-03-14T20:11:19.6643007Z,2021-05-20T18:00:00.8433333Z,2017-03-14T20:11:19.6643007Z,2020-08-04T20:00:00.6106100Z,2015-08-17T16:05:21.0000000Z,2021-05-20T18:00:04.1900000Z,21,0,0,0,7bfc0f83-f69c-45e6-988a-e4ccd4eda192,6.153274541
PAK,Pakcoin,1,2015-08-18,2021-05-20,2017-03-14T20:11:43.6727077Z,2021-05-20T18:00:00.8433333Z,2017-03-14T20:11:43.6727077Z,2020-07-28T11:36:35.0120476Z,2015-08-18T23:15:53.0000000Z,2021-05-20T18:00:04.1900000Z,23,0,0,0,506bcd24-a3f1-40ce-b98b-eeaa84b863c1,6.153274541
PTC,Pesetacoin,1,2015-08-25,2021-05-20,2017-03-14T20:04:04.6931421Z,2021-05-20T18:00:00.8433333Z,2017-03-14T20:04:04.6931421Z,2020-08-05T12:05:17.5436496Z,2015-08-25T10:06:30.0000000Z,2021-05-20T18:00:04.1900000Z,24,0,0,0,03ed5698-81aa-4fd4-a085-1ab757bd45aa,6.153274541
BLK,BlackCoin,1,2015-08-25,2021-05-20,2016-06-12T11:53:38.1523879Z,2021-05-20T18:00:24.3445177Z,2016-06-12T11:53:38.1523879Z,2020-08-05T14:37:11.4951761Z,2015-08-25T11:06:42.0000000Z,2021-05-20T18:00:04.1900000Z,47,48.68,26704.99,2672335.58,0ac84108-c394-4f90-a0cc-cb082259f973,0.0991937049
LOT,LottoCoin,1,2015-07-14,2021-04-02,2017-03-14T20:04:45.6448369Z,2020-08-04T18:59:20.6894116Z,2017-03-14T20:04:45.6448369Z,2020-08-04T18:59:20.6894116Z,2015-07-14T07:13:13.0000000Z,2021-04-02T11:17:00.4115516Z,32,0,0,0,98a5a72b-995d-4de1-a8c1-78f00bfed112,0.0991937049
PCC,PCC,1,2015-09-08,2021-05-20,2017-03-14T20:12:00.6844172Z,2021-05-20T18:00:00.8433333Z,2017-03-14T20:12:00.6844172Z,2020-08-05T14:35:20.1831851Z,2015-09-08T07:23:28.0000000Z,2021-05-20T18:00:04.1900000Z,11,0,0,0,4f2f3fbf-7d1e-4801-a040-f7af4709c114,0.0991937049
VRC,VeriCoin,1,2015-09-08,2021-05-20,2016-06-12T11:53:38.1680117Z,2021-05-20T18:06:11.4150968Z,2016-06-12T11:53:38.1680117Z,2020-08-05T14:36:10.0333901Z,2015-09-08T23:56:09.0000000Z,2021-05-20T18:00:04.1900000Z,32,0,5495.92,296916.35,43184c01-46f5-4828-88c0-7278265f7b2a,0.06500942015
VND,Dong,0,2015-09-09,2021-05-20,2017-03-14T20:05:05.6371921Z,2021-05-20T18:00:00.8433333Z,2017-03-14T20:05:05.6371921Z,2020-08-05T14:34:57.4067142Z,2015-09-09T03:09:55.0000000Z,2015-11-23T06:07:39.0000000Z,4,0,0,0,43184c01-46f5-4828-88c0-7278265f7b2a,0.00003991859025
CANN,CannabisCoin,1,2015-09-16,2021-05-20,2017-03-14T20:04:40.1070527Z,2021-05-20T18:08:08.3828116Z,2017-03-14T20:04:40.1070527Z,2019-10-23T16:04:49.1546653Z,2015-09-16T08:12:59.0000000Z,2021-05-20T18:00:04.1900000Z,20,0,0,0,348b41f0-a37e-47b2-a924-db0075ed0e5d,0.00003991859025
INFX,Influxcoin,1,2015-09-16,2021-05-20,2017-03-14T20:12:11.6938157Z,2021-05-20T18:04:11.3274568Z,2017-03-14T20:12:11.6938157Z,2019-08-02T16:19:12.9600075Z,2015-09-16T22:08:12.0000000Z,2021-05-20T18:00:04.1900000Z,16,0,0,0,ca785fb8-1ed3-4d46-8f50-002b2786d9dc,0.00003991859025
START,Startcoin,1,2015-09-17,2021-05-20,2017-03-14T20:06:05.2309055Z,2021-05-20T18:00:00.8433333Z,2017-03-14T20:06:05.2309055Z,2020-02-21T23:48:38.3107680Z,2015-09-17T08:15:26.0000000Z,2021-05-20T18:00:04.1900000Z,31,0,0,0,d098136b-3587-47f4-b3ec-f084651001f1,0.00003991859025
CAPT,CAPT,1,2015-09-17,2021-05-20,2017-03-18T23:33:24.0331817Z,2021-05-20T18:00:00.8433333Z,2017-03-18T23:33:24.0331817Z,2019-08-02T17:34:57.7266027Z,2015-09-17T10:31:18.0000000Z,2021-05-20T18:00:04.1900000Z,16,0,0,0,a3d5f64f-2a02-4578-81de-82d7c4dd8990,0.00003991859025
ZEIT,Zeitcoin,1,2015-09-24,2021-05-20,2017-03-18T23:42:07.5589547Z,2021-05-20T18:00:00.8433333Z,2017-03-18T23:42:07.5589547Z,2020-04-09T11:37:26.9021202Z,2015-09-24T08:08:06.0000000Z,2021-05-20T18:00:04.1900000Z,34,0,0,0,09cc06f1-19f7-41a4-a04a-5b2bcff1d4ce,0.00003991859025
CLAM,CLAMS,1,2015-09-24,2021-05-20,2016-06-12T11:53:38.1523879Z,2021-05-20T18:00:00.8433333Z,2016-06-12T11:53:38.1523879Z,2020-02-22T01:28:06.8372634Z,2015-09-24T17:20:48.0000000Z,2021-05-20T18:00:04.1900000Z,30,0,0,0,a8803ee7-17b5-438e-9edd-59dc3725d76e,0.00003991859025
XDC,XDC,1,2015-09-25,2021-05-20,2017-03-14T20:12:27.6783653Z,2021-05-20T18:06:14.1369547Z,2017-03-14T20:12:27.6783653Z,2020-08-05T14:23:57.8442263Z,2015-09-25T15:36:46.0000000Z,2021-05-20T18:00:04.1900000Z,31,269902.19,5016772.77,77865654.87,f0b3b339-f121-4fee-aefd-48c867a76dfe,0.06449494655
XPM,Primecoin,1,2015-10-01,2021-05-20,2016-06-12T11:53:38.1680117Z,2021-05-20T18:00:00.8433333Z,2016-06-12T11:53:38.1680117Z,2020-08-05T14:33:14.8604992Z,2015-10-01T01:35:08.0000000Z,2021-05-20T18:00:04.1900000Z,38,0,0,0,6417ca5d-ffc4-4ccc-937c-7e28bdb3ec7d,0.06449494655
NET,Nimiq,1,2015-10-01,2021-05-20,2017-01-09T00:02:35.8330522Z,2021-05-20T18:00:00.8433333Z,2017-01-09T00:02:35.8330522Z,2020-08-05T14:35:00.4353979Z,2015-10-01T01:52:45.0000000Z,2021-05-20T18:00:04.1900000Z,44,0,0,0,6417ca5d-ffc4-4ccc-937c-7e28bdb3ec7d,0.06449494655
EMC,Emercoin,1,2015-10-01,2021-05-20,2017-03-14T20:07:56.1911997Z,2021-05-20T18:01:43.6656056Z,2017-03-14T20:07:56.1911997Z,2020-08-05T14:37:50.6615439Z,2015-10-01T21:45:26.0000000Z,2021-05-20T18:00:04.1900000Z,43,970.43,132264.48,2051070.73,1d704483-22f4-4423-b1e1-ec0fde3b4dc4,0.2077139892
ISL,IslaCoin,1,2015-10-01,2021-05-20,2017-03-14T20:33:25.1231674Z,2021-05-20T18:06:25.1937588Z,2017-03-14T20:33:25.1231674Z,2019-08-02T15:49:17.6584256Z,2015-10-01T23:12:48.0000000Z,2021-05-20T18:00:04.1900000Z,10,0,0,0,7506f6e1-1977-4aad-9711-17adc372f099,0.2077139892
NYAN,Nyancoin,1,2015-10-07,2021-05-20,2017-03-14T20:12:55.5406150Z,2021-05-20T18:08:33.6912526Z,2017-03-14T20:12:55.5406150Z,2019-10-07T14:37:56.8541620Z,2015-10-07T19:42:32.0000000Z,2021-05-20T18:00:04.1900000Z,22,0,0,0,ca1322bf-d449-4286-ba33-8297502cf072,0.2077139892
BOLI,Bolivarcoin,1,2015-10-08,2021-05-20,2017-03-14T20:16:59.6401911Z,2021-05-20T18:00:00.8433333Z,2017-03-14T20:16:59.6401911Z,2020-08-05T13:57:55.6297954Z,2015-10-08T00:50:18.0000000Z,2021-05-20T18:00:04.1900000Z,27,0,0,0,b003a11e-5e7b-4a3b-bd93-d63f3de31dfa,0.2077139892
BTCS,Bitcoin Scrypt,1,2015-10-08,2021-05-20,2017-03-14T20:27:13.5193481Z,2021-05-20T18:00:02.9755667Z,2017-03-14T20:27:13.5193481Z,2020-08-05T14:35:18.1443317Z,2015-10-08T01:04:13.0000000Z,2021-05-20T18:00:04.1900000Z,30,712.83,84457.79,73496621.66,4e4b22c7-4d06-4522-88f1-edd50540af3a,12.804921
EBG,EBG,1,2015-10-14,2021-05-20,2017-03-14T20:24:06.7437542Z,2021-05-20T18:00:00.8433333Z,2017-03-14T20:24:06.7437542Z,2019-01-14T06:19:45.0236801Z,2015-10-14T02:15:00.0000000Z,2021-04-13T17:20:27.0000000Z,9,0,0,0,4e4b22c7-4d06-4522-88f1-edd50540af3a,12.804921
DARK,DARK,1,2014-12-07,2020-07-11,2017-03-14T20:04:23.6512491Z,2020-07-11T14:53:10.6300620Z,2017-03-14T20:04:23.6512491Z,2020-07-11T14:53:10.6300620Z,2014-12-07T20:04:05.0000000Z,2020-05-07T17:37:48.4620000Z,10,0,0,0,4e4b22c7-4d06-4522-88f1-edd50540af3a,12.804921
GLD,GoldCoin,1,2015-10-17,2021-05-20,2017-03-14T20:10:26.4366618Z,2021-05-20T18:07:36.8534093Z,2017-03-14T20:10:26.4366618Z,2020-08-04T20:01:49.0810093Z,2015-10-17T21:51:34.0000000Z,2021-05-20T18:00:04.1900000Z,33,24803.18,565541.41,4283031.04,07139df5-bc8e-44be-b408-d64394f04c69,175.4975283
GCN,GCoin,1,2015-10-27,2021-05-20,2017-03-14T20:06:34.1455708Z,2021-05-20T18:00:00.8433333Z,2017-03-14T20:06:34.1455708Z,2020-08-05T13:55:53.2543910Z,2015-10-27T19:02:28.0000000Z,2021-05-20T18:00:04.1900000Z,28,0,0,0,351575b0-6ada-4b2c-b71f-2192e98a6337,175.4975283
MBL,MobileCash,1,2015-11-02,2021-05-20,2017-03-14T20:04:57.1069282Z,2021-05-20T18:06:24.7070000Z,2017-03-14T20:04:57.1069282Z,2020-08-05T14:37:55.4990000Z,2015-11-02T11:08:42.0000000Z,2021-05-20T18:00:04.1900000Z,23,465639.55,30919951.97,698261827.5,354558b7-e518-4af1-a1df-e4a5d4de50a3,0.008677705151
PND,Pandacoin,1,2015-06-13,2020-12-25,2017-03-14T20:05:47.4973991Z,2020-12-25T15:58:44.4623761Z,2017-03-14T20:05:47.4973991Z,2020-08-05T12:26:29.6566339Z,2015-06-13T02:44:08.0000000Z,2020-12-25T14:43:15.0000000Z,31,0,0,0,fad2ede1-a822-47c3-8d37-2fc4aceee9db,0.008677705151
BTA,Bata,1,2015-11-06,2021-05-20,2017-03-14T20:14:18.6152593Z,2021-05-20T18:06:25.1937588Z,2017-03-14T20:14:18.6152593Z,2020-08-05T12:00:07.5406020Z,2015-11-06T16:05:06.0000000Z,2021-05-20T18:00:04.1900000Z,38,0,2.5,736.53,6539b4ad-be1b-4edc-a499-c04abbb032fa,0.01783633762
NOTE,DNotes,1,2015-11-07,2021-05-20,2016-06-12T11:53:38.1523879Z,2021-05-20T18:00:00.8433333Z,2016-06-12T11:53:38.1523879Z,2020-08-05T13:30:10.5929726Z,2015-11-07T17:53:36.0000000Z,2021-05-20T18:00:04.1900000Z,30,0,0,0,c54a5930-6665-4c72-afb9-7c81bc1c951e,0.01783633762
BTCD,BitcoinDark,1,2015-11-11,2021-05-20,2016-06-12T11:53:38.1523879Z,2021-04-20T05:36:59.5013437Z,2016-06-12T11:53:38.1523879Z,2020-08-05T14:32:45.7778695Z,2015-11-11T05:53:13.0000000Z,2021-05-20T18:00:04.1900000Z,17,0,0,0,69b30440-d05c-4632-a63b-f03bc26edd1a,0.01783633762
SMLY,SmileyCoin,1,2015-11-15,2021-05-20,2017-03-14T20:12:03.7412143Z,2021-05-20T18:07:32.0446713Z,2017-03-14T20:12:03.7412143Z,2020-08-05T14:36:02.0000000Z,2015-11-15T14:00:40.0000000Z,2021-05-20T18:00:04.1900000Z,29,0.81,919.41,38243.99,eb0dfd61-8a2b-4c7a-895a-ec3a65252bcf,0.00008002900644
WBB,Wild Beast Block,1,2015-11-16,2021-05-20,2017-03-14T20:05:13.2724981Z,2021-05-20T18:07:18.8222625Z,2017-03-14T20:05:13.2724981Z,2019-08-02T17:37:12.5454362Z,2015-11-16T17:12:12.0000000Z,2021-05-20T18:00:04.1900000Z,19,0,0,0,5b6c39a7-474e-4f84-9b9f-479b2f25baa6,0.00008002900644
EPC,Electronic PK Chain,1,2015-11-17,2021-05-20,2017-03-18T22:54:43.3311725Z,2021-05-20T18:00:00.8433333Z,2017-03-18T22:54:43.3311725Z,2020-08-05T14:36:56.1267863Z,2015-11-17T08:42:31.0000000Z,2021-05-20T18:00:04.1900000Z,30,0,0,0,a99f071e-80ff-405e-a6da-37d7bd489fcb,0.00008002900644
BIRD,BIRD,1,2015-11-17,2021-05-20,2017-03-14T20:13:17.6757947Z,2021-05-20T18:02:18.3841716Z,2017-03-14T20:13:17.6757947Z,2020-08-05T14:36:56.1989689Z,2015-11-17T14:28:57.0000000Z,2021-05-20T18:00:04.1900000Z,50,0,0,0,a99f071e-80ff-405e-a6da-37d7bd489fcb,0.00008002900644
AUR,Auroracoin,1,2015-11-21,2021-05-20,2017-01-09T00:26:04.1303028Z,2021-05-20T18:06:58.0056595Z,2017-01-09T00:26:04.1303028Z,2020-08-01T23:26:42.1413693Z,2015-11-21T17:31:01.0000000Z,2021-05-20T18:00:04.1900000Z,29,0,526.06,135215.93,f5edf53a-2f46-41d1-94aa-af075bc3e326,0.645556385
ICB,ICB,1,2015-07-20,2021-01-14,2017-03-14T20:10:34.6918900Z,2021-01-14T22:06:07.8090477Z,2017-03-14T20:10:34.6918900Z,2020-07-30T16:16:48.4637551Z,2015-07-20T19:50:11.0000000Z,2020-03-12T13:34:54.0000000Z,11,0,0,0,f5edf53a-2f46-41d1-94aa-af075bc3e326,0.645556385
CAP,Bottlecaps,1,2015-11-25,2021-05-20,2017-03-14T20:30:40.2383121Z,2021-05-20T18:02:57.0673019Z,2017-03-14T20:30:40.2383121Z,2020-08-05T14:29:28.0465968Z,2015-11-25T16:44:38.0000000Z,2021-05-20T18:00:04.1900000Z,58,71.59,1195.89,55581.35,d27adb24-ca21-45f4-a668-4f60bab42c26,0.1136182875
XGR,GoldReserve,1,2015-01-26,2020-07-11,2017-03-14T20:05:26.1410292Z,2020-07-11T14:52:44.2460623Z,2017-03-14T20:05:26.1410292Z,2020-07-11T14:52:44.2460623Z,2015-01-26T02:23:57.0000000Z,2020-03-07T09:52:00.7730000Z,10,0,0,0,be0223d5-2ca4-4bef-8782-7f2d4578ea4d,0.1136182875
CPCN,Capricoin,1,2015-07-12,2020-12-24,2017-03-18T22:55:02.5907695Z,2020-12-24T16:14:54.1440494Z,2017-03-18T22:55:02.5907695Z,2020-08-05T14:26:11.4500840Z,2015-07-12T08:05:38.0000000Z,2020-12-24T15:25:57.0000000Z,12,0,0,0,54c85339-8274-40ad-840b-8986f5b6676d,0.1136182875
CB,CB,1,2015-12-10,2021-05-20,2017-03-19T03:33:16.2719179Z,2021-05-20T18:00:00.8433333Z,2017-03-19T03:33:16.2719179Z,2020-08-05T14:19:35.9341415Z,2015-12-10T09:28:01.0000000Z,2021-05-20T18:00:04.1900000Z,12,0,0,0,22d260de-236b-4e56-b823-c24561cffd09,0.1136182875
XMY,Myriad,1,2015-12-10,2021-05-20,2017-03-14T20:28:52.1804312Z,2021-05-20T18:08:23.1246681Z,2017-03-14T20:28:52.1804312Z,2020-08-05T14:36:06.4005704Z,2015-12-10T10:57:31.0000000Z,2021-05-20T18:00:04.1900000Z,17,2115.28,89033.86,4228364.38,22d260de-236b-4e56-b823-c24561cffd09,0.004669087
STV,Sativacoin,1,2015-12-10,2021-05-20,2017-03-14T20:27:44.5774646Z,2021-05-20T18:00:00.8433333Z,2017-03-14T20:27:44.5774646Z,2019-10-03T16:58:03.0228584Z,2015-12-10T14:10:13.0000000Z,2021-05-20T18:00:04.1900000Z,20,0,0,0,22d260de-236b-4e56-b823-c24561cffd09,0.004669087
SHND,StrongHands,1,2015-12-17,2021-05-20,2017-03-18T22:53:33.1649636Z,2021-05-20T18:00:00.8433333Z,2017-03-18T22:53:33.1649636Z,2020-08-05T14:31:54.9064831Z,2015-12-17T08:59:29.0000000Z,2021-05-20T18:00:04.1900000Z,33,0,0,0,22d260de-236b-4e56-b823-c24561cffd09,0.004669087
SXC,Sexcoin,1,2015-12-17,2021-05-20,2017-03-14T20:04:50.6433887Z,2021-05-20T18:06:54.8387007Z,2017-03-14T20:04:50.6433887Z,2020-08-05T13:35:01.5732207Z,2015-12-17T19:22:13.0000000Z,2021-05-20T18:00:04.1900000Z,29,4703.68,111309.61,3549625.08,48075969-9695-4598-a945-ae15dd652472,0.05244334339
NKA,IncaKoin,1,2015-12-20,2021-05-20,2017-03-18T22:54:58.5267226Z,2021-05-20T18:00:00.8433333Z,2017-03-18T22:54:58.5267226Z,2019-08-02T15:33:18.3914808Z,2015-12-20T19:43:15.0000000Z,2021-05-20T18:00:04.1900000Z,22,0,0,0,98172e13-ced8-4c53-a149-9d2472eacc4d,0.05244334339
BTB,BitBar,1,2016-01-07,2021-05-20,2017-01-09T00:00:25.8043481Z,2021-05-20T18:00:00.8433333Z,2017-01-09T00:00:25.8043481Z,2020-08-05T14:35:11.2400587Z,2016-01-07T08:26:40.0000000Z,2021-05-20T18:00:04.1900000Z,81,0,0,0,a40f7316-884c-4017-94d2-71c038281b07,0.05244334339
EGC,EverGreenCoin,1,2016-01-13,2021-05-20,2017-03-14T20:07:26.9157967Z,2021-05-20T18:00:00.8433333Z,2017-03-14T20:07:26.9157967Z,2020-08-05T14:18:51.3525083Z,2016-01-13T12:27:00.0000000Z,2021-05-20T18:00:04.1900000Z,29,0,0,0,8a54706c-c985-470d-a03b-10ebf103c953,0.05244334339
OSC,OSC,1,2016-01-14,2021-05-20,2017-03-14T20:14:28.7004760Z,2021-05-20T18:00:00.8433333Z,2017-03-14T20:14:28.7004760Z,2020-08-05T11:56:06.6003614Z,2016-01-14T18:23:19.0000000Z,2021-05-20T18:00:04.1900000Z,21,0,0,0,8a54706c-c985-470d-a03b-10ebf103c953,0.05244334339
EMD,Emerald Crypto,1,2016-01-16,2021-05-20,2017-03-14T20:18:30.6955294Z,2021-05-20T18:00:00.8433333Z,2017-03-14T20:18:30.6955294Z,2020-08-05T14:21:06.3695076Z,2016-01-16T01:49:07.0000000Z,2021-05-20T18:00:04.1900000Z,22,0,2.68,563.45,e7f8a71f-d257-4417-af48-7845cddc6e80,0.02143927686
CV2,Colossuscoin V2,1,2016-01-19,2021-05-20,2017-03-18T22:58:00.5627758Z,2021-05-20T18:00:00.8433333Z,2017-03-18T22:58:00.5627758Z,2019-10-07T13:49:20.9096336Z,2016-01-19T02:05:44.0000000Z,2021-05-20T18:00:04.1900000Z,24,0,0,0,de6ab05e-9443-40aa-8143-6165e6ba23a9,0.02143927686
CORG,CorgiCoin,1,2016-01-19,2021-05-20,2017-03-18T23:10:03.7191009Z,2021-05-20T18:00:00.8433333Z,2017-03-18T23:10:03.7191009Z,2019-10-07T14:38:44.0285212Z,2016-01-19T14:11:19.0000000Z,2021-05-20T18:00:04.1900000Z,14,0,0,0,e32568cc-162d-45c5-b16a-4879787c55b5,0.02143927686
APC,AlpaCoin,1,2016-01-22,2021-05-20,2017-03-14T20:21:07.6231211Z,2021-05-20T18:00:00.8433333Z,2017-03-14T20:21:07.6231211Z,2020-08-05T13:54:17.3520138Z,2016-01-22T21:48:49.0000000Z,2021-05-20T18:00:04.1900000Z,11,0,0,0,e32568cc-162d-45c5-b16a-4879787c55b5,0.02143927686
ZNY,Bitzeny,1,2016-01-28,2021-05-20,2017-03-14T20:09:42.3501674Z,2021-05-20T18:00:00.8433333Z,2017-03-14T20:09:42.3501674Z,2020-08-05T13:48:09.7659859Z,2016-01-28T14:11:06.0000000Z,2021-05-20T18:00:04.1900000Z,31,0,0,0,292d9200-4bc5-48b9-9775-f956c6a9db1b,0.02143927686
EVO,Evotion,1,2016-01-31,2021-05-20,2017-03-14T20:14:11.1901971Z,2021-05-20T18:00:00.8433333Z,2017-03-14T20:14:11.1901971Z,2020-08-05T12:34:06.3217505Z,2016-01-31T00:20:31.0000000Z,2021-05-20T18:00:04.1900000Z,24,0,0,0,3b4957aa-e5e7-4fe9-87b7-ecafe27c5194,0.02143927686
BUCKS,SwagBucks,1,2016-02-03,2021-05-20,2017-03-14T20:14:52.6888219Z,2021-05-20T18:00:00.8433333Z,2017-03-14T20:14:52.6888219Z,2019-10-06T14:29:09.9313973Z,2016-02-03T13:18:55.0000000Z,2021-05-20T18:00:04.1900000Z,23,0,0,0,6de21b41-6ac9-4ac1-ac5a-fb11bf6ad731,0.02143927686
XLM,Stellar Lumens,1,2016-02-05,2021-05-20,2016-02-05T16:06:41.5570000Z,2021-05-20T18:08:48.5818915Z,2016-02-05T16:06:41.5570000Z,2020-08-05T14:37:58.8010000Z,2016-10-17T13:55:21.5640000Z,2021-05-20T18:00:04.1900000Z,1411,88923831.53,3418381591,66816691012,99ab21c6-46f0-4f17-b919-a433eeeb816d,0.4888664789
GRC,Gridcoin Research,1,2016-02-06,2021-05-20,2016-06-12T11:53:38.1523879Z,2021-05-20T18:00:00.8433333Z,2016-06-12T11:53:38.1523879Z,2020-08-05T13:53:36.0601750Z,2016-02-06T11:58:34.0000000Z,2021-05-20T18:00:04.1900000Z,40,0,1101.98,67541.55,a7ba26f3-2b0d-4700-8bae-fbfd14812686,0.009111587226
PFC,PFC,1,2015-07-30,2020-11-06,2017-03-18T22:54:51.4536893Z,2020-11-06T18:09:07.8890301Z,2017-03-18T22:54:51.4536893Z,2020-08-05T11:55:57.5829182Z,2015-07-30T23:33:47.0000000Z,2020-11-02T03:23:29.0000000Z,10,0,0,0,a7ba26f3-2b0d-4700-8bae-fbfd14812686,0.009111587226
BRIT,BritCoin,1,2014-07-09,2019-10-16,2017-03-14T20:06:50.9106547Z,2019-10-16T05:05:25.5669533Z,2017-03-14T20:06:50.9106547Z,2019-10-16T05:05:25.5669533Z,2014-07-09T01:42:16.0000000Z,2018-04-11T09:55:48.0000000Z,5,0,0,0,066dd48f-1806-49c5-88f9-0335bee27c27,0.009111587226
MINT,Mintcoin,1,2016-02-14,2021-05-20,2016-06-12T11:53:38.1523879Z,2021-05-20T18:07:56.6728705Z,2016-06-12T11:53:38.1523879Z,2020-08-05T12:16:37.4738430Z,2016-02-14T13:39:59.0000000Z,2021-05-20T18:00:04.1900000Z,29,0,0,0,add0f7f6-06f6-4e38-bfb9-c9e575570ab3,0.009111587226
RBT,Rimbit,1,2016-02-16,2021-05-20,2017-03-18T22:56:21.9532961Z,2021-05-20T18:06:13.5577395Z,2017-03-18T22:56:21.9532961Z,2020-07-25T18:40:57.2466934Z,2016-02-16T21:25:21.0000000Z,2021-05-20T18:00:04.1900000Z,21,0,0,0,a859dcfc-619e-4d48-9d24-1781366c6ea7,0.009111587226
EVIL,Evil Coin,1,2016-02-17,2021-05-20,2017-03-14T20:27:26.3004170Z,2021-05-20T18:00:00.8433333Z,2017-03-14T20:27:26.3004170Z,2019-10-07T11:32:48.3448295Z,2016-02-17T13:43:58.0000000Z,2021-05-20T18:00:04.1900000Z,20,0,0,0,ed46d8a7-ea6c-4ff2-8ff8-587956aacee6,0.009111587226
BKCAT,BlockCAT,1,2016-02-17,2021-05-20,2017-03-14T20:48:10.5183955Z,2021-05-20T18:03:08.1994274Z,2017-03-14T20:48:10.5183955Z,2020-08-05T14:35:55.9071986Z,2016-02-17T18:10:29.0000000Z,2021-05-20T18:00:04.1900000Z,39,0,0,0,083ee62b-e7a0-4759-a02f-8a45e020a87f,0.009111587226
CDN,Canada eCoin,1,2015-09-25,2020-12-25,2017-03-14T20:17:19.0052776Z,2020-12-25T03:06:59.6768846Z,2017-03-14T20:17:19.0052776Z,2020-08-04T19:56:22.0218533Z,2015-09-25T16:04:21.0000000Z,2020-12-24T22:08:07.0000000Z,28,0,0,0,50915b4b-baf5-4030-be68-06084b4b0f38,0.009111587226
SHRM,SHRM,1,2016-02-20,2021-05-20,2017-03-18T23:27:29.4503813Z,2021-05-20T18:00:00.8433333Z,2017-03-18T23:27:29.4503813Z,2019-08-02T17:37:31.7208470Z,2016-02-20T20:11:51.0000000Z,2021-05-20T18:00:04.1900000Z,9,0,0,0,50915b4b-baf5-4030-be68-06084b4b0f38,0.009111587226
ANTI,AntiBitcoin,1,2016-02-20,2021-05-20,2017-03-18T23:01:41.4830314Z,2021-05-20T18:00:00.8433333Z,2017-03-18T23:01:41.4830314Z,2019-08-02T15:57:18.2100691Z,2016-02-20T23:06:34.0000000Z,2021-05-20T18:00:04.1900000Z,14,0,0,0,9942703d-a0ca-40b4-badb-fcdb01c7ba54,0.009111587226
HBN,HoboNickels,1,2015-05-03,2020-07-28,2017-03-14T20:29:44.7066190Z,2020-07-28T08:14:03.5029544Z,2017-03-14T20:29:44.7066190Z,2020-07-28T08:14:03.5029544Z,2015-05-03T21:30:57.0000000Z,2019-10-06T03:48:00.0000000Z,14,0,0,0,5676e1b5-8c10-47a3-a3db-301e5e387b51,0.009111587226
CDC,CDC,1,2015-06-28,2020-09-21,2017-01-09T00:41:57.8859685Z,2020-09-16T19:04:26.4751975Z,2017-01-09T00:41:57.8859685Z,2020-08-05T14:35:58.8854687Z,2015-06-28T23:23:32.0000000Z,2020-09-21T10:12:55.0000000Z,28,0,0,0,5676e1b5-8c10-47a3-a3db-301e5e387b51,0.009111587226
UIS,Unitus,1,2016-03-04,2021-05-20,2017-03-14T20:15:28.2583646Z,2021-05-20T18:00:00.8433333Z,2017-03-14T20:15:28.2583646Z,2020-07-28T14:18:07.6724418Z,2016-03-04T14:00:54.0000000Z,2021-05-20T18:00:04.1900000Z,20,0,0,0,680a7e5e-9f22-4589-89a2-560a03a7506d,0.009111587226
TX,TransferCoin,1,2016-03-08,2021-05-20,2017-03-14T22:34:09.1580974Z,2021-05-20T18:05:12.1822073Z,2017-03-14T22:34:09.1580974Z,2020-08-05T14:23:50.7905482Z,2016-03-08T05:00:44.0000000Z,2021-05-20T18:00:04.1900000Z,19,0,0,0,54eca0fb-d190-4aa3-9cd1-e0bff370a15b,0.009111587226
BITB,Bean Cash,1,2016-03-08,2021-05-20,2017-03-14T20:04:31.0071226Z,2021-05-20T18:00:00.8433333Z,2017-03-14T20:04:31.0071226Z,2020-05-06T10:17:45.4479345Z,2016-03-08T13:38:13.0000000Z,2021-05-20T18:00:04.1900000Z,28,0,0,0,887f750d-3975-44c8-8a90-49e714c8b082,0.009111587226
BAC,BitAlphaCoin,1,2016-03-11,2021-05-20,2017-03-14T20:03:23.9712641Z,2021-05-20T18:08:47.8549764Z,2017-03-14T20:03:23.9712641Z,2020-08-05T14:35:16.9636836Z,2016-03-11T00:58:49.0000000Z,2021-05-20T18:00:04.1900000Z,29,388630.93,9636287.78,272234173.7,63c1a265-06d9-43ab-8447-178576607307,1.005896963
FCT,Factom,1,2016-03-11,2021-05-20,2016-03-11T12:01:38.8335170Z,2021-05-20T18:06:34.3498727Z,2016-03-11T12:01:38.8335170Z,2020-08-05T14:37:04.8843690Z,2016-03-11T12:04:34.0864550Z,2021-05-20T18:00:04.1900000Z,29,66846.79,6983856.61,186730515.2,b9ffb367-2fd0-4c56-a62d-ce6c2264e390,0.5791117646
MOIN,Moin,1,2016-03-14,2021-05-20,2017-03-14T20:25:59.7243563Z,2021-05-20T18:00:00.8433333Z,2017-03-14T20:25:59.7243563Z,2020-08-05T12:01:09.6221787Z,2016-03-14T01:01:17.0000000Z,2021-05-20T18:00:04.1900000Z,25,0,0,0,eaee3cb7-8250-4ce5-ae5f-60857facdbb9,0.5791117646
EC,Eclipse,1,2016-03-14,2021-05-20,2017-03-14T20:19:18.4836535Z,2021-05-20T18:08:33.0600000Z,2017-03-14T20:19:18.4836535Z,2020-08-05T14:37:51.3000000Z,2016-03-14T06:43:27.0000000Z,2021-05-20T18:00:04.1900000Z,14,269139.18,3454239.93,36553187.61,eaee3cb7-8250-4ce5-ae5f-60857facdbb9,0.00789035625
UNB,UnbreakableCoin,1,2016-03-15,2021-05-20,2017-03-14T20:16:57.4892081Z,2021-05-20T18:00:00.8433333Z,2017-03-14T20:16:57.4892081Z,2020-08-05T12:48:16.3432165Z,2016-03-15T06:33:23.0000000Z,2021-01-22T23:25:31.0000000Z,13,0,0,0,5316fada-e2cd-40a4-b823-613410577243,0.00789035625
ADCN,Asiadigicoin,1,2016-03-16,2021-05-20,2017-03-14T20:09:53.3518629Z,2021-05-20T18:02:58.9477444Z,2017-03-14T20:09:53.3518629Z,2019-10-16T04:50:29.0134344Z,2016-03-16T14:38:20.0000000Z,2021-05-20T18:00:04.1900000Z,12,0,0,0,e734208b-cd7c-465b-9161-6364fda1774e,0.00789035625
BVC,BeaverCoin,1,2016-03-17,2021-05-20,2017-03-18T22:54:18.2550200Z,2021-05-20T18:00:00.8433333Z,2017-03-18T22:54:18.2550200Z,2019-08-02T15:34:03.3358999Z,2016-03-17T00:42:29.0000000Z,2021-05-20T18:00:04.1900000Z,15,0,0,0,be751f4b-8de1-45a8-ab37-8ba0b6f4c7b8,0.00789035625
RBIES,Rubies,1,2016-03-18,2021-05-20,2017-03-14T20:11:40.7259845Z,2021-05-20T18:00:00.8433333Z,2017-03-14T20:11:40.7259845Z,2020-08-05T12:01:19.4152493Z,2016-03-18T12:54:27.0000000Z,2021-05-20T18:00:04.1900000Z,12,0,0,0,210381df-06fe-41cd-b23b-05392a7c0099,0.00789035625
SLG,Sterlingcoin,1,2015-10-29,2020-12-25,2017-03-14T20:04:44.8141417Z,2020-12-25T18:29:44.4229315Z,2017-03-14T20:04:44.8141417Z,2020-08-04T20:05:14.0771895Z,2015-10-29T16:19:47.0000000Z,2020-12-23T20:17:38.0000000Z,16,0,0,0,546707bf-df88-4c92-9fc5-d24567aee9b6,0.00789035625
XFT,Footy Cash,1,2016-03-24,2021-05-20,2017-03-18T22:58:26.9966690Z,2021-05-20T18:00:00.8433333Z,2017-03-18T22:58:26.9966690Z,2019-01-14T06:19:45.0236801Z,2016-03-24T01:06:29.0000000Z,2021-05-20T18:00:04.1900000Z,10,0,0,0,17b5f645-a083-4c40-8b2e-384bfab88484,0.00789035625
ORB,Orbitcoin,1,2015-06-02,2020-07-28,2017-03-14T20:06:17.1434626Z,2020-07-28T14:13:10.7782887Z,2017-03-14T20:06:17.1434626Z,2020-07-28T14:13:10.7782887Z,2015-06-02T08:21:01.0000000Z,2019-10-06T04:40:00.0000000Z,24,0,0,0,681e2b37-feb5-4e18-bca9-a6e6db17d622,0.00789035625
KUMA,KUMA,1,2016-04-03,2021-05-20,2017-03-14T20:16:31.6958946Z,2021-05-20T18:00:00.8433333Z,2017-03-14T20:16:31.6958946Z,2019-10-07T14:38:07.5223457Z,2016-04-03T17:05:41.0000000Z,2019-10-06T15:07:00.0000000Z,15,0,0,0,b254776d-3c9a-4591-8dd3-86fbf2b9124c,0.00789035625
UMO,UMO,1,2016-04-05,2021-05-20,2017-03-18T22:57:27.0347773Z,2021-05-20T18:00:00.8433333Z,2017-03-18T22:57:27.0347773Z,2020-08-05T11:49:00.3120409Z,2016-04-05T03:46:31.0000000Z,2021-05-20T18:00:04.1900000Z,11,0,0,0,4683a0ce-af5b-4705-be91-0e6f111ec2bc,0.00789035625
CBX,Crypto Bullion,1,2016-04-06,2021-05-20,2017-03-18T23:11:14.0147582Z,2021-05-20T18:06:12.0444859Z,2017-03-18T23:11:14.0147582Z,2020-08-05T14:01:38.0426526Z,2016-04-06T10:45:01.0000000Z,2021-05-20T18:00:04.1900000Z,23,0,0.11,757.62,cd09ff7e-737d-4f0e-b4eb-b22dcb4560e7,0.06896136058
RPC,RonPaulCoin,1,2016-04-07,2021-05-20,2017-03-14T20:27:31.7978644Z,2021-05-20T18:00:00.8433333Z,2017-03-14T20:27:31.7978644Z,2020-07-28T05:28:30.2185241Z,2016-04-07T13:30:29.0000000Z,2021-05-20T18:00:04.1900000Z,20,0,0,0,30f04f06-7b9d-4fc9-b5ed-fec311e1f564,0.06896136058
XCT,C-Bit,1,2016-03-19,2021-04-29,2017-03-18T22:51:27.8848535Z,2021-04-29T00:00:36.0000000Z,2017-03-18T22:51:27.8848535Z,2020-08-05T14:36:02.0000000Z,2016-03-19T00:38:05.0000000Z,2021-01-04T11:34:51.5690000Z,27,0,0,0,adec5e61-0376-4642-af1e-45cda6233341,0.06896136058
BCF,BitcoinFast,1,2015-06-19,2020-07-27,2017-03-14T20:35:51.7159142Z,2020-07-27T20:28:19.8122615Z,2017-03-14T20:35:51.7159142Z,2020-07-27T20:28:19.8122615Z,2015-06-19T20:56:49.0000000Z,2020-02-08T20:39:33.3670000Z,18,0,0,0,45c27611-0af4-474f-84d5-bdc12223164a,0.06896136058
LTCR,Litecred,1,2016-04-15,2021-05-20,2017-03-14T20:59:07.6269666Z,2021-05-20T18:00:00.8433333Z,2017-03-14T20:59:07.6269666Z,2019-08-02T17:03:52.0085582Z,2016-04-15T08:36:59.0000000Z,2021-05-20T18:00:04.1900000Z,10,0,0,0,0667b73b-adfd-4700-b339-3a32aeb9974a,0.06896136058
KC,KC,1,2016-04-15,2021-05-20,2017-03-14T20:22:59.7408930Z,2021-05-20T18:00:00.8433333Z,2017-03-14T20:22:59.7408930Z,2020-08-05T14:37:17.0000000Z,2016-04-15T16:16:05.0000000Z,2021-05-20T18:00:04.1900000Z,16,0,0,0,0667b73b-adfd-4700-b339-3a32aeb9974a,0.06896136058
BIOS,BiosCrypto,1,2016-04-16,2021-05-20,2017-03-14T20:14:49.8784443Z,2021-05-20T18:00:00.8433333Z,2017-03-14T20:14:49.8784443Z,2019-08-02T16:22:13.8907840Z,2016-04-16T03:45:37.0000000Z,2021-05-20T18:00:04.1900000Z,10,0,0,0,936e93ad-14bf-45be-98d3-605b66445fde,0.06896136058
REV,Revenu,1,2016-04-17,2021-05-20,2017-03-14T20:24:04.9687534Z,2021-05-20T18:02:26.2585600Z,2017-03-14T20:24:04.9687534Z,2020-08-05T14:37:20.1215422Z,2016-04-17T11:57:29.0000000Z,2021-05-20T18:00:04.1900000Z,51,97002.68,1138908.17,54585287.63,0fbaf92e-175f-4057-b530-0b7e6b0c6c93,0.01846428948
FUZZ,FuzzBalls,1,2016-04-19,2021-05-20,2017-03-14T20:28:34.2318373Z,2021-05-20T18:04:58.3867214Z,2017-03-14T20:28:34.2318373Z,2019-08-02T17:33:45.1370526Z,2016-04-19T19:58:41.0000000Z,2021-05-20T18:00:04.1900000Z,13,0,0,0,3f83f745-8b4e-4125-80ec-ca275e7affe0,0.01846428948
IMS,Independent Money System,1,2016-04-20,2021-05-20,2017-03-14T20:16:37.6747148Z,2021-05-20T18:00:00.8433333Z,2017-03-14T20:16:37.6747148Z,2019-08-02T17:11:06.4046864Z,2016-04-20T17:57:26.0000000Z,2021-05-20T18:00:04.1900000Z,17,0,0,0,abb9ecd9-efe5-4643-b65f-129b2b0ed14f,0.01846428948
LEAF,LeafCoin,1,2016-04-21,2021-05-20,2017-03-18T23:14:37.7153413Z,2021-05-20T18:00:00.8433333Z,2017-03-18T23:14:37.7153413Z,2019-08-02T17:08:49.8991905Z,2016-04-21T01:43:56.0000000Z,2021-05-20T18:00:04.1900000Z,13,0,0,0,6690b161-5961-475c-a6bd-d568ac699db7,0.01846428948
YOVI,YOVI,1,2016-04-21,2021-05-20,2017-03-18T22:58:52.3885017Z,2021-05-20T18:00:00.8433333Z,2017-03-18T22:58:52.3885017Z,2020-08-05T12:05:09.4271136Z,2016-04-21T12:02:32.0000000Z,2021-05-20T18:00:04.1900000Z,9,0,0,0,ca368b0f-0a14-4d4b-a6d3-5f50ecdb0764,0.01846428948
BEEZ,BEEZ,1,2016-04-22,2021-05-20,2017-03-14T20:16:42.6738292Z,2021-05-20T18:00:00.8433333Z,2017-03-14T20:16:42.6738292Z,2019-08-02T17:34:47.9728574Z,2016-04-22T09:33:20.0000000Z,2021-05-20T18:00:04.1900000Z,13,0,0,0,ca368b0f-0a14-4d4b-a6d3-5f50ecdb0764,0.01846428948
IXC,Ixcoin,1,2016-04-25,2021-05-20,2017-03-14T20:26:10.6671346Z,2021-05-20T18:02:33.9651717Z,2017-03-14T20:26:10.6671346Z,2020-07-27T21:33:05.9675232Z,2016-04-25T05:32:37.0000000Z,2021-05-20T18:00:04.1900000Z,22,0,0,0,8c267db5-ef48-44c1-9f6d-b746da9c808c,0.01846428948
STS,Stress,1,2016-04-29,2021-05-20,2017-03-14T20:36:14.5131408Z,2021-05-20T18:00:00.8433333Z,2017-03-14T20:36:14.5131408Z,2020-08-05T12:16:16.4830938Z,2016-04-29T10:41:16.0000000Z,2021-05-20T18:00:04.1900000Z,25,0,0,0,8594cb67-aa38-4ef3-b753-a335524fe50c,0.01846428948
ACOIN,Acoin,1,2016-04-30,2021-05-20,2017-03-14T20:17:16.1839685Z,2021-05-20T18:07:50.5475054Z,2017-03-14T20:17:16.1839685Z,2020-08-05T14:06:41.5231578Z,2016-04-30T04:26:48.0000000Z,2021-05-20T18:00:04.1900000Z,15,139.71,116505.79,5765801.45,8594cb67-aa38-4ef3-b753-a335524fe50c,0.9677905187
RBBT,RabbitCoin,1,2016-04-30,2021-05-20,2017-03-14T20:17:22.1712032Z,2021-05-20T18:08:40.2855891Z,2017-03-14T20:17:22.1712032Z,2019-10-07T14:37:22.7624776Z,2016-04-30T06:39:40.0000000Z,2021-05-20T18:00:04.1900000Z,22,0,0,0,fb994305-bd9f-4580-ab11-f0e0c839a8f1,0.9677905187
FFC,FireFlyCoin,1,2016-05-01,2021-05-20,2017-03-14T20:32:04.0576174Z,2021-05-20T18:00:00.8433333Z,2017-03-14T20:32:04.0576174Z,2019-08-02T17:41:53.7314126Z,2016-05-01T10:28:03.0000000Z,2021-05-20T18:00:04.1900000Z,13,0,0,0,1fc15ba9-7539-4f96-865b-1f13aafc9df1,0.9677905187
DGD,DigixDAO,1,2016-05-01,2021-05-20,2017-03-14T20:04:32.6749497Z,2021-05-20T18:07:31.2106787Z,2017-03-14T20:04:32.6749497Z,2020-08-05T14:37:57.1932635Z,2016-05-01T21:37:33.0000000Z,2021-05-20T18:00:04.1900000Z,83,12695.18,402380.4,16998272.22,9dedad61-8e1c-4a0c-a59f-c5bce460fd20,528.9456864
BRG,BRG,1,2016-05-02,2021-05-20,2017-03-14T20:17:40.1816538Z,2021-05-20T18:07:00.1321821Z,2017-03-14T20:17:40.1816538Z,2019-08-24T09:41:18.0368026Z,2016-05-02T11:28:38.0000000Z,2021-05-20T18:00:04.1900000Z,19,34207.68,983756.19,32604536.19,9dedad61-8e1c-4a0c-a59f-c5bce460fd20,0.006588503956
NTRN,Neutron,1,2016-05-02,2021-05-20,2017-03-14T20:16:48.6903681Z,2021-05-20T18:06:42.5167260Z,2017-03-14T20:16:48.6903681Z,2020-08-05T14:17:18.9062730Z,2016-05-02T14:10:31.0000000Z,2021-05-20T18:00:04.1900000Z,24,0,0,0,a22869ec-84cb-42b9-9c23-12721988729e,0.006588503956
SIB,SIBCoin,1,2016-05-02,2021-05-20,2017-03-14T20:15:52.9833340Z,2021-05-20T18:06:23.4881327Z,2017-03-14T20:15:52.9833340Z,2020-08-05T14:35:49.5180137Z,2016-05-02T14:48:29.0000000Z,2021-05-20T18:00:04.1900000Z,30,149.27,5260.99,432920.54,430d7cbf-50cc-4474-a276-71324c862cef,0.03497467284
PHO,Photon,1,2016-05-02,2021-05-20,2017-03-18T22:58:24.8124679Z,2021-05-20T18:00:00.8433333Z,2017-03-18T22:58:24.8124679Z,2020-08-05T11:49:18.1795504Z,2016-05-02T17:44:00.0000000Z,2021-05-20T18:00:04.1900000Z,19,0,0,0,23d47cc7-d872-4338-9b00-8978f90381fc,0.03497467284
TRUMP,TrumpCoin,1,2016-05-05,2021-05-20,2017-03-14T20:27:20.2338724Z,2021-05-20T18:00:00.8433333Z,2017-03-14T20:27:20.2338724Z,2020-08-05T14:31:31.1133444Z,2016-05-05T12:28:03.0000000Z,2021-05-20T18:00:04.1900000Z,37,0,0,0,e8f269bf-cc25-4f31-afb3-fadf120e0ca9,0.03497467284
LIT,LIT,1,2016-05-08,2021-05-20,2017-03-18T23:54:00.5115070Z,2021-05-20T18:07:23.3353352Z,2017-03-18T23:54:00.5115070Z,2020-08-05T14:37:39.5284733Z,2016-05-08T16:53:33.0000000Z,2021-05-20T18:00:04.1900000Z,40,1959989.95,69249218.7,1402945505,e8f269bf-cc25-4f31-afb3-fadf120e0ca9,4.224775871
EDRC,EDRCoin,1,2016-05-10,2021-05-20,2017-03-14T20:12:30.4096756Z,2021-05-20T18:02:58.9477444Z,2017-03-14T20:12:30.4096756Z,2019-10-16T04:40:51.3198815Z,2016-05-10T14:50:43.0000000Z,2021-05-20T18:00:04.1900000Z,25,0,0,0,e8f269bf-cc25-4f31-afb3-fadf120e0ca9,4.224775871
BLZ,Bluzelle,1,2016-05-11,2021-05-20,2017-03-14T20:30:19.7245634Z,2021-05-20T18:08:40.1412511Z,2017-03-14T20:30:19.7245634Z,2020-08-05T14:37:58.3010000Z,2016-05-11T07:45:43.0000000Z,2021-05-20T18:00:04.1900000Z,75,2880192.05,115232558.2,2009822699,60351fb4-bd97-4c8c-9dc0-b60a923d4761,0.2447718359
DASH,Dash,1,2016-05-11,2021-05-20,2016-06-12T11:53:38.1523879Z,2021-05-20T18:08:50.8532766Z,2016-06-12T11:53:38.1523879Z,2020-08-05T14:37:58.6249793Z,2016-05-11T17:29:38.0000000Z,2021-05-20T18:00:04.1900000Z,814,221169774.9,6611913073,144171740924,73fb6d79-15a2-4f51-9308-09b9e2b84c8f,218.0348331
TRBO,TRBO,1,2015-12-19,2020-12-25,2017-03-14T20:13:59.1773570Z,2020-12-25T20:09:58.0145231Z,2017-03-14T20:13:59.1773570Z,2020-08-05T14:24:00.8457414Z,2015-12-19T22:35:58.0000000Z,2020-12-25T18:29:01.0000000Z,17,0,0,0,73fb6d79-15a2-4f51-9308-09b9e2b84c8f,218.0348331
DAO,The DAO,1,2016-05-14,2021-05-20,2016-05-14T12:05:19.7489800Z,2021-05-20T18:08:53.0108004Z,2016-05-14T12:05:19.7489800Z,2020-06-28T13:13:33.5353798Z,2016-05-14T12:13:47.7511960Z,2021-05-20T18:00:04.1900000Z,33,278181.26,6096510.77,158823925.7,9a51d543-d098-40fe-95d5-290cf87800e4,3.934392879
FUN,FunFair,1,2016-05-15,2021-05-20,2017-03-14T20:16:26.9955603Z,2021-05-20T18:08:17.0060000Z,2017-03-14T20:16:26.9955603Z,2020-08-05T14:37:51.0970000Z,2016-05-15T14:47:34.0000000Z,2021-05-20T18:00:04.1900000Z,76,750709.23,27788894.99,1004997529,ba9512f3-e6d3-4f49-b0c4-b53f4f455292,0.02509768795
CRBIT,CRBIT,1,2015-12-20,2020-12-24,2017-03-14T20:14:05.1903406Z,2020-12-24T13:35:35.6489962Z,2017-03-14T20:14:05.1903406Z,2020-08-05T12:03:16.5984046Z,2015-12-20T21:48:48.0000000Z,2020-12-24T11:12:35.0000000Z,13,0,0,0,ba9512f3-e6d3-4f49-b0c4-b53f4f455292,0.02509768795
SC,Siacoin,1,2016-05-17,2021-05-20,2016-06-12T11:53:39.0586408Z,2021-05-20T18:07:17.6990000Z,2016-06-12T11:53:39.0586408Z,2020-08-05T14:37:58.8010000Z,2016-05-17T05:03:07.0000000Z,2021-05-20T18:00:04.1900000Z,100,5632127.27,266052079.8,6518413912,13d010de-ed87-49a5-926c-33731fd40d23,0.01899848439
TGC,Tigercoin,1,2016-05-17,2021-05-20,2017-03-14T20:49:57.2810766Z,2021-05-20T18:00:00.8433333Z,2017-03-14T20:49:57.2810766Z,2020-08-05T14:02:03.1074964Z,2016-05-17T13:43:04.0000000Z,2021-05-20T18:00:04.1900000Z,15,0,0,0,13d010de-ed87-49a5-926c-33731fd40d23,0.01899848439
DBIC,DBIC,1,2016-05-18,2021-05-20,2017-03-17T14:52:58.7082079Z,2021-05-20T18:07:50.7594330Z,2017-03-17T14:52:58.7082079Z,2019-08-02T17:23:39.8914152Z,2016-05-18T16:44:35.0000000Z,2021-05-20T18:00:04.1900000Z,18,0,0,0,0982d2ff-a225-4392-82fe-435a07436dd3,0.01899848439
LTB,LiteBar,1,2016-04-28,2021-04-30,2017-03-18T22:57:33.6956487Z,2021-04-30T07:45:06.0736653Z,2017-03-18T22:57:33.6956487Z,2020-08-05T14:37:03.9094581Z,2016-04-28T16:53:52.0000000Z,2021-04-02T11:16:14.6967110Z,25,0,0,6681.16,9d0e69fc-4729-4ac6-8028-8f9f6ba84118,0.01899848439
PR,Prototanium,1,2015-08-08,2020-08-04,2017-03-18T23:14:18.3304281Z,2020-08-04T19:55:05.7616466Z,2017-03-18T23:14:18.3304281Z,2020-08-04T19:55:05.7616466Z,2015-08-08T05:06:48.0000000Z,2020-07-01T13:59:07.3830000Z,11,0,0,0,6e772988-3c26-4615-b5d3-79b21f08bac2,0.01899848439
FRN,Francs,1,2016-05-24,2021-05-20,2017-03-18T23:02:04.3960377Z,2021-05-20T18:00:00.8433333Z,2017-03-18T23:02:04.3960377Z,2019-10-07T10:09:15.3571404Z,2016-05-24T05:30:35.0000000Z,2021-05-20T18:00:04.1900000Z,19,0,0,0,0074fef3-fb2f-4ff5-b571-ecccd536dec0,0.01899848439
LSK,Lisk,1,2016-05-27,2021-05-20,2016-05-27T12:01:34.4232800Z,2021-05-20T18:07:52.4837130Z,2016-05-27T12:01:34.4232800Z,2020-08-05T14:37:58.7191988Z,2016-05-27T12:03:22.6175340Z,2021-05-20T18:00:04.1900000Z,133,2680071.68,154346793.5,3773169048,9c559a00-fcde-4223-b545-64bf13ca39af,4.694904388
XMR,Monero,1,2016-05-29,2021-05-20,2016-06-12T11:53:38.1680117Z,2021-05-20T18:08:47.8688307Z,2016-06-12T11:53:38.1680117Z,2020-08-05T14:37:58.4010000Z,2016-05-29T15:06:50.0000000Z,2021-05-20T18:00:04.1900000Z,747,450302984.1,14140103224,190656269683,e342d99d-4648-423e-9fb5-f68785dd2adf,263.1347519
DCR,Decred,1,2016-05-29,2021-05-20,2016-06-12T11:53:38.1523879Z,2021-05-20T18:08:29.9366420Z,2016-06-12T11:53:38.1523879Z,2020-08-05T14:37:54.7104349Z,2016-05-29T15:07:15.0000000Z,2021-05-20T18:00:04.1900000Z,122,625771.68,39889148.31,926831725.6,d7ddacf8-40fc-4bd6-a66e-585a0108ec77,137.9307921
SYS,Syscoin,1,2016-05-29,2021-05-20,2016-06-12T11:53:38.1680117Z,2021-05-20T18:05:31.0780225Z,2016-06-12T11:53:38.1680117Z,2020-08-05T14:37:47.8950000Z,2016-05-29T15:05:22.0000000Z,2021-05-20T18:00:04.1900000Z,39,607466.39,17318251.66,557109811.3,38a89ed8-6b6c-4364-810b-dc7414c14e3e,0.2254449567
MAID,MaidSafeCoin,1,2016-05-29,2021-05-20,2016-06-12T11:53:38.1523879Z,2021-05-20T18:04:56.6575494Z,2016-06-12T11:53:38.1523879Z,2020-08-05T14:37:20.5920124Z,2016-05-29T15:05:24.0000000Z,2021-05-20T18:00:04.1900000Z,28,2972.66,213701.5,16132927.78,9199da96-1949-49ac-9475-c45a6e9097f5,0.4367509495
EXP,Expanse,1,2016-05-29,2021-05-20,2016-06-12T11:53:38.1523879Z,2021-05-20T18:07:02.0410857Z,2016-06-12T11:53:38.1523879Z,2020-08-05T14:33:46.3389894Z,2016-05-29T15:07:56.0000000Z,2021-05-20T18:00:04.1900000Z,27,299.74,25754.06,986293.44,a47c9f47-c4c4-436b-a622-ecc2696c51db,0.08990664488
BCN,Bytecoin,1,2016-05-29,2021-05-20,2016-06-12T11:53:38.1523879Z,2021-05-20T18:06:39.4547416Z,2016-06-12T11:53:38.1523879Z,2020-08-05T14:37:18.2827770Z,2016-05-29T15:07:47.0000000Z,2021-05-20T18:00:04.1900000Z,39,5235.97,735330867.7,19214716044,d0789301-3009-4c03-a5f2-aa9e3db8f27c,0.0005711461104
BERN,BERNcash,1,2016-05-29,2021-05-20,2017-03-18T22:56:09.7012880Z,2021-05-20T18:01:29.4754410Z,2017-03-18T22:56:09.7012880Z,2019-08-02T17:37:48.4500329Z,2016-05-29T15:04:44.0000000Z,2021-05-20T18:00:04.1900000Z,13,0,0,0,16e14a14-6199-4029-993e-2c3b957700f9,0.0005711461104
XEM,NEM,1,2016-05-29,2021-05-20,2016-06-12T11:53:38.1680117Z,2021-05-20T18:08:31.2697661Z,2016-06-12T11:53:38.1680117Z,2020-08-05T14:37:58.6406288Z,2016-05-29T15:13:37.0000000Z,2021-05-20T18:00:04.1900000Z,213,9143330.19,405871498.2,8717228097,16e14a14-6199-4029-993e-2c3b957700f9,0.2170536064
VIA,Viacoin,1,2016-05-29,2021-05-20,2016-06-12T11:53:38.1680117Z,2021-05-20T18:08:24.8100000Z,2016-06-12T11:53:38.1680117Z,2020-08-05T14:37:45.6940000Z,2016-05-29T15:14:54.0000000Z,2021-05-20T18:00:04.1900000Z,29,147710.19,997903.99,112685355.1,8ec57dfb-798a-4407-95bd-fe5a6ea06aee,0.9559743911
DSH,Dashcoin,1,2016-05-29,2021-05-20,2016-06-12T11:53:38.1680117Z,2021-05-20T18:00:00.8433333Z,2016-06-12T11:53:38.1680117Z,2020-08-05T14:36:21.7163649Z,2016-05-29T15:06:50.0000000Z,2021-05-20T18:00:04.1900000Z,20,0,0,0,69b83d7d-8131-408a-a154-16d3e7361c44,0.9559743911
EXE,Execoin,1,2016-05-29,2021-05-20,2019-02-06T15:35:40.2102031Z,2021-05-20T18:05:27.0235313Z,2019-02-06T15:35:40.2102031Z,2020-08-05T14:37:20.1396537Z,2016-05-29T15:13:33.0000000Z,2021-05-20T18:00:04.1900000Z,10,327.85,973577.36,16037866.82,3949a7e9-b723-4d3e-b3a4-dc221c15fd45,0.003065967
XCP,Counterparty,1,2016-05-29,2021-05-20,2016-06-12T11:53:38.1680117Z,2021-05-20T18:00:00.8433333Z,2016-06-12T11:53:38.1680117Z,2020-08-05T13:24:21.3294406Z,2016-05-29T15:10:15.0000000Z,2021-05-20T18:00:04.1900000Z,13,198.14,16558.54,262296.31,2736f09a-a8a6-48be-9b1c-43df3915daab,2.574360955
XDN,DigitalNote,1,2016-05-29,2021-05-20,2016-06-12T11:53:38.1680117Z,2021-05-20T18:07:17.1229733Z,2016-06-12T11:53:38.1680117Z,2020-08-05T14:37:20.4963872Z,2016-05-29T15:18:17.0000000Z,2021-05-20T18:00:04.1900000Z,12,14718.14,291278.79,6093008.65,e9ed9a3f-671d-448a-ac75-381c8c4dbb12,0.002836184277
VTC,Vertcoin,1,2016-05-29,2021-05-20,2016-06-12T11:53:38.1680117Z,2021-05-20T18:08:08.3828116Z,2016-06-12T11:53:38.1680117Z,2020-08-05T14:36:55.2929486Z,2016-05-29T15:19:19.0000000Z,2021-05-20T18:00:04.1900000Z,43,90261.49,5209400.01,95674206.27,0dc872e6-80f1-4d06-8f8e-0dca025589f8,0.8391945513
GAME,GameCredits,1,2016-05-29,2021-05-20,2016-06-12T11:53:38.1523879Z,2021-05-20T18:06:44.7470000Z,2016-06-12T11:53:38.1523879Z,2020-08-05T14:37:30.7740000Z,2016-05-29T15:19:58.0000000Z,2021-05-20T18:00:04.1900000Z,62,23350.42,710551.75,21321201.34,0dc872e6-80f1-4d06-8f8e-0dca025589f8,0.1754910921
RVR,RevolutionVR,1,2016-05-29,2021-05-20,2016-06-12T11:53:38.1680117Z,2021-05-20T18:00:00.8433333Z,2016-06-12T11:53:38.1680117Z,2020-02-11T08:07:39.4780000Z,2016-05-29T15:14:49.0000000Z,2021-05-20T18:00:04.1900000Z,17,0,0,0,3d9a4ddb-743e-481b-b7a1-881e93a65f38,0.1754910921
MYR,Malaysian Ringgit,0,2016-05-29,2021-05-20,2016-06-12T11:53:38.1523879Z,2021-05-20T18:06:45.9810042Z,2016-06-12T11:53:38.1523879Z,2020-08-05T14:35:45.6420281Z,2016-05-29T15:22:14.0000000Z,2021-05-20T18:00:04.1900000Z,34,149769.98,8541414.48,142575180.6,3d9a4ddb-743e-481b-b7a1-881e93a65f38,0.2236297624
USNBT,NuBits,1,2016-05-29,2021-05-20,2016-06-12T11:53:38.1523879Z,2021-05-20T18:01:01.3539250Z,2016-06-12T11:53:38.1523879Z,2020-08-05T14:08:44.6166777Z,2016-05-29T15:17:08.0000000Z,2021-05-20T18:00:04.1900000Z,40,0.09,21.47,52636.13,ae0c6a56-59ff-4020-bee2-28c7308651a0,0.2236297624
ADN,Aiden,1,2016-05-29,2021-05-20,2016-06-12T11:53:38.1523879Z,2021-05-20T18:00:00.8433333Z,2016-06-12T11:53:38.1523879Z,2020-08-05T11:57:47.9683498Z,2016-05-29T15:22:13.0000000Z,2020-07-25T06:10:03.2230000Z,15,0,0,0,bd1a2a53-bc15-4117-8e92-f5a3d2c7d885,0.2236297624
IOC,IO Digital Currency,1,2016-05-29,2021-05-20,2016-06-12T11:53:38.1523879Z,2021-05-20T18:00:00.8433333Z,2016-06-12T11:53:38.1523879Z,2020-08-05T14:34:24.8413680Z,2016-05-29T15:22:26.0000000Z,2021-05-20T18:00:04.1900000Z,11,0,16983.98,175145.91,f0e7ef69-e452-4f15-bfab-0ea683137f84,0.1669694834
IFC,Infinitecoin,1,2016-05-29,2021-05-20,2016-06-12T11:53:38.1680117Z,2021-05-20T18:00:00.8433333Z,2016-06-12T11:53:38.1680117Z,2020-08-05T14:15:57.8757742Z,2016-05-29T15:26:29.0000000Z,2021-05-20T18:00:04.1900000Z,27,2.32,409.32,189505.17,7974bbb2-8a5b-4ea2-88a9-9fe8373f3ceb,0.000345794788
RDD,Reddcoin,1,2016-05-29,2021-05-20,2016-06-12T11:53:38.1680117Z,2021-05-20T18:07:55.3596671Z,2016-06-12T11:53:38.1680117Z,2020-08-05T14:37:11.4951761Z,2016-05-29T15:35:14.0000000Z,2021-05-20T18:00:04.1900000Z,66,15920.36,4044035.84,190959446.9,81d6a9da-ef1c-4eed-ba48-f8c8877ef271,0.00502477925
NEOS,Neoscoin,1,2016-05-29,2021-05-20,2016-06-12T11:53:38.1523879Z,2021-05-20T18:00:00.8433333Z,2016-06-12T11:53:38.1523879Z,2019-08-05T21:27:04.2641190Z,2016-05-29T15:30:03.0000000Z,2021-05-20T18:00:04.1900000Z,6,0,0,0,5aeb2323-d78f-4de5-acc3-79a09a3e13f0,0.00502477925
AMP,Synereo,1,2016-05-29,2021-05-20,2016-06-12T11:53:38.1523879Z,2021-05-20T18:08:27.6911621Z,2016-06-12T11:53:38.1523879Z,2020-08-05T14:37:01.2855020Z,2016-05-29T15:39:59.0000000Z,2021-05-20T18:00:04.1900000Z,35,151719.72,6408888.2,146669811,e4cf4fb5-df48-4c35-bc2e-64f58c80c2c5,0.04794
FLO,Florincoin,1,2016-05-29,2021-05-20,2016-06-12T11:53:38.1523879Z,2021-05-20T18:00:00.8433333Z,2016-06-12T11:53:38.1523879Z,2020-08-05T14:36:57.8770849Z,2016-05-29T15:39:19.0000000Z,2021-05-20T18:00:04.1900000Z,15,1599.46,50630.46,1477331.72,6460fdf1-a76b-46e9-a5f1-404782793ec3,0.04505212095
XCH,ClearingHouse,1,2016-05-29,2021-05-20,2019-02-06T15:40:52.1555063Z,2021-05-20T18:08:35.0260000Z,2019-02-06T15:40:52.1555063Z,2020-08-05T14:37:01.1212412Z,2016-05-29T15:57:52.0000000Z,2021-05-20T18:00:04.1900000Z,29,402580267.8,15629814043,65029699471,6460fdf1-a76b-46e9-a5f1-404782793ec3,985.1828561
C2,Coin2.0,1,2016-05-29,2021-05-20,2016-06-12T11:53:38.1523879Z,2021-05-20T18:00:00.8433333Z,2016-06-12T11:53:38.1523879Z,2019-08-02T17:35:32.9849334Z,2016-05-29T15:54:03.0000000Z,2021-05-20T18:00:04.1900000Z,13,0,0,0,2c2f7b66-fc43-45a5-8d96-d3f38591785a,985.1828561
RIC,Riecoin,1,2016-05-29,2021-05-20,2016-06-12T11:53:38.1680117Z,2021-05-20T18:00:00.8433333Z,2016-06-12T11:53:38.1680117Z,2020-08-05T14:29:24.5124472Z,2016-05-29T16:01:14.0000000Z,2021-05-20T18:00:04.1900000Z,10,0,703.36,9998.39,72e04a0a-dcc5-4cea-88bc-41f83033f346,0.01428626467
BCY,BitCrystals,1,2016-05-29,2021-05-20,2016-06-12T11:53:38.1523879Z,2021-05-20T18:00:00.8433333Z,2016-06-12T11:53:38.1523879Z,2020-08-05T11:50:55.6732643Z,2016-05-29T16:03:17.0000000Z,2020-11-20T09:54:03.0000000Z,5,0,0,0,9f0a1518-222c-44c2-81f9-155eca3e2ca9,0.01428626467
SDC,ShadowCash,1,2016-05-29,2021-05-20,2016-06-12T11:53:38.1680117Z,2021-05-20T18:08:08.3828116Z,2016-06-12T11:53:38.1680117Z,2020-08-05T11:47:30.0000000Z,2016-05-29T16:36:52.0000000Z,2021-05-20T18:00:04.1900000Z,22,0,0,0,c60ae2c0-8d64-42ab-bca2-69be4a62c24b,0.01428626467
CURE,Curecoin,1,2016-05-29,2021-05-20,2016-06-12T11:53:38.1523879Z,2021-05-20T18:00:00.8433333Z,2016-06-12T11:53:38.1523879Z,2020-08-05T14:35:42.6880352Z,2016-05-29T16:29:08.0000000Z,2021-05-20T18:00:04.1900000Z,10,226,4834.18,283099.54,f73b5a09-0213-41ff-845f-c0925751314b,0.1244861237
XPB,Pebblecoin,1,2016-05-29,2021-05-20,2016-06-12T11:53:38.1680117Z,2021-05-20T18:00:00.8433333Z,2016-06-12T11:53:38.1680117Z,2016-09-06T01:27:59.5772608Z,2016-05-29T16:30:11.0000000Z,2021-05-20T18:00:04.1900000Z,2,0,0,0,f73b5a09-0213-41ff-845f-c0925751314b,0.1244861237
ARCH,ARCHcoin,1,2016-05-29,2021-05-20,2017-01-09T00:10:53.7671935Z,2021-05-20T18:01:21.4092713Z,2017-01-09T00:10:53.7671935Z,2019-02-06T15:48:02.0911547Z,2016-05-29T16:41:56.0000000Z,2021-05-20T18:00:04.1900000Z,4,0,0,0,9bbbee0b-dc44-434d-ae6b-e4b6a322eacf,0.1244861237
POT,PotCoin,1,2016-05-29,2021-05-20,2016-06-12T11:53:38.1523879Z,2021-05-20T18:00:47.2650514Z,2016-06-12T11:53:38.1523879Z,2020-08-05T14:11:04.8783717Z,2016-05-29T16:47:14.0000000Z,2021-05-20T18:00:04.1900000Z,28,379226132082459,1.13121E+16,1.1468E+18,64d30f53-2178-4d40-a267-63792ca86350,0.01877171706
EMC2,Einsteinium,1,2016-05-29,2021-05-20,2016-06-12T11:53:38.1523879Z,2021-05-20T18:03:51.7590000Z,2016-06-12T11:53:38.1523879Z,2020-08-05T14:35:42.7040000Z,2016-05-29T16:52:08.0000000Z,2021-05-20T18:00:04.1900000Z,303,52369.61,8829155.67,241728607.8,b84307c8-bca4-437d-af68-2beb8af9bff6,0.2470463002
GAP,Gapcoin,1,2016-05-29,2021-05-20,2016-06-12T11:53:38.1523879Z,2021-05-20T18:00:00.8433333Z,2016-06-12T11:53:38.1523879Z,2020-08-05T14:34:11.4419854Z,2016-05-29T17:07:26.0000000Z,2021-04-21T02:12:21.0000000Z,26,0,0,0,09e6f682-26dd-488a-a091-5e17aeb6cc8c,0.2470463002
BELA,BelaCoin,1,2016-05-29,2021-05-20,2016-06-12T11:53:38.1523879Z,2021-05-20T18:00:00.8433333Z,2016-06-12T11:53:38.1523879Z,2020-08-05T13:46:48.5360084Z,2016-05-29T17:21:13.0000000Z,2020-11-28T15:17:42.0000000Z,13,0,0,0,516b5465-6d3c-4a46-9f5f-b63287b35e8d,0.2470463002
SILK,Silkcoin,1,2016-05-29,2021-05-20,2016-06-12T11:53:38.1680117Z,2021-05-20T18:00:00.8433333Z,2016-06-12T11:53:38.1680117Z,2020-08-05T11:54:42.1439058Z,2016-05-29T17:23:14.0000000Z,2021-04-23T13:04:59.0000000Z,3,0,0,0,365326cb-7dde-4314-b2c6-88a3bd307f09,0.2470463002
BTM,Bytom,1,2016-05-29,2021-05-20,2016-06-12T11:53:38.1523879Z,2021-05-20T18:08:44.2051748Z,2016-06-12T11:53:38.1523879Z,2020-08-05T14:37:58.4898003Z,2016-05-29T17:55:41.0000000Z,2021-05-20T18:00:04.1900000Z,138,2726907.75,195462790.4,2214290625,1c8a2d03-75ef-4bd9-847b-c70921879912,0.09747700587
NSR,NuShares,1,2016-05-29,2021-05-20,2016-06-12T11:53:38.1523879Z,2021-05-20T18:00:42.0777243Z,2016-06-12T11:53:38.1523879Z,2020-08-05T14:18:54.6804679Z,2016-05-29T18:27:28.0000000Z,2021-05-20T18:00:04.1900000Z,22,0,0.56,722.74,21e09dbb-bdec-444d-96f1-7f8f9e6dabdb,0.0001357173092
BLOCK,Blocknet,1,2016-05-29,2021-05-20,2016-06-12T11:53:38.1523879Z,2021-05-20T18:00:00.8433333Z,2016-06-12T11:53:38.1523879Z,2020-08-05T14:36:07.8993006Z,2016-05-29T18:42:19.0000000Z,2021-05-20T18:00:04.1900000Z,22,2558.03,24816.06,615101.7,071b7136-9dc1-492f-b97d-7374cda32d24,1.978934173
XST,StealthCoin,1,2016-05-29,2021-05-20,2016-06-12T11:53:38.1680117Z,2021-05-20T18:01:24.1996959Z,2016-06-12T11:53:38.1680117Z,2020-08-05T14:33:17.7602225Z,2016-05-29T18:49:08.0000000Z,2021-05-20T18:00:04.1900000Z,24,313.42,7965.56,273986.13,9f0bb823-ff6e-490d-beed-f061a8aa8d4c,0.1397010944
OMNI,Omni,1,2016-05-29,2021-05-20,2016-06-12T11:53:38.1523879Z,2021-05-20T18:00:00.8433333Z,2016-06-12T11:53:38.1523879Z,2020-06-28T13:22:07.6006592Z,2016-05-29T18:52:13.0000000Z,2021-05-20T18:00:04.1900000Z,15,0,0,0,c44a1408-0729-4fcd-8a96-9f930bc12d42,0.1397010944
INDEX,CoinoIndex,1,2016-05-29,2021-05-20,2019-02-06T15:37:43.8380802Z,2021-05-20T18:06:18.4658644Z,2019-02-06T15:37:43.8380802Z,2019-11-23T03:18:23.1187667Z,2016-05-29T19:01:07.0000000Z,2021-05-20T18:00:04.1900000Z,3,0,0,0,e4c3df1b-bf77-4eac-8485-514703c24575,0.1397010944
FLT,FlutterCoin,1,2016-05-29,2021-05-20,2016-06-12T11:53:38.1523879Z,2021-05-20T18:00:00.8433333Z,2016-06-12T11:53:38.1523879Z,2020-08-05T12:15:52.6879474Z,2016-05-29T19:26:55.0000000Z,2021-04-27T01:18:35.0000000Z,26,0,0,0,e4c3df1b-bf77-4eac-8485-514703c24575,0.1397010944
GRS,Groestlcoin,1,2016-05-29,2021-05-20,2016-06-12T11:53:38.1523879Z,2021-05-20T18:07:15.5249652Z,2016-06-12T11:53:38.1523879Z,2020-08-05T14:38:18.9028200Z,2016-05-29T19:34:39.0000000Z,2021-05-20T18:00:04.1900000Z,85,206972.39,20054392.15,396043321.7,bb7332ec-d720-45a9-a3a7-c54c62e48bc4,0.8599422385
BITS,Bitstar,1,2016-05-29,2021-05-20,2016-06-12T11:53:38.1523879Z,2021-05-20T18:00:00.8433333Z,2016-06-12T11:53:38.1523879Z,2020-08-04T10:12:13.5833425Z,2016-05-29T19:37:12.0000000Z,2021-05-20T18:00:04.1900000Z,27,0,0,0,f4fba461-a36c-41c0-b471-7c26f37bc004,0.8599422385
SYNC,Sync,1,2016-05-29,2021-05-20,2016-06-12T11:53:38.1680117Z,2021-05-20T18:00:00.8433333Z,2016-06-12T11:53:38.1680117Z,2020-08-05T14:36:57.3517971Z,2016-05-29T19:42:50.0000000Z,2021-05-20T18:00:04.1900000Z,18,0,0,0,841dca36-b5ef-452e-a94e-dcab8253f4d6,0.8599422385
NOBL,NobleCoin,1,2016-05-29,2021-05-20,2016-06-12T11:53:38.1523879Z,2021-05-20T18:00:00.8433333Z,2016-06-12T11:53:38.1523879Z,2020-08-05T12:18:24.3547635Z,2016-05-29T19:50:42.0000000Z,2021-04-29T12:53:48.0000000Z,10,0,0,0,a2cf969d-c0cd-42b3-a06e-053c3e8692b6,0.8599422385
ABY,ArtByte,1,2016-05-29,2021-05-20,2016-06-12T11:53:38.1523879Z,2021-05-20T18:00:00.8433333Z,2016-06-12T11:53:38.1523879Z,2020-08-03T16:00:47.0028127Z,2016-05-29T20:08:02.0000000Z,2021-05-20T18:00:04.1900000Z,21,0,0,0,bf7aacb5-2b38-4f64-95d3-c46d8ca7dc08,0.8599422385
SWM,Swarm,1,2016-05-29,2021-05-20,2016-06-12T11:53:38.1680117Z,2021-05-20T18:03:52.2032798Z,2016-06-12T11:53:38.1680117Z,2020-08-05T14:37:15.5869694Z,2016-05-29T20:55:11.0000000Z,2021-05-20T18:00:04.1900000Z,28,1946.87,37604,1172261.08,bcecc2c2-79f3-43dc-a620-b2b86a81732f,0.09598749463
XUSD,CoinoUSD,1,2016-05-29,2021-05-20,2016-06-12T11:53:38.1680117Z,2021-05-20T18:00:00.8433333Z,2016-06-12T11:53:38.1680117Z,2020-08-05T14:35:34.5997082Z,2016-05-29T21:05:45.0000000Z,2021-05-20T18:00:04.1900000Z,3,0,74549292.56,4292716312,43d71eb2-b14a-47cf-a27d-c80f7e217eea,1761506768
LQD,LIQUID,1,2016-05-30,2021-05-20,2016-06-12T11:53:38.1523879Z,2021-05-20T18:00:00.8433333Z,2016-06-12T11:53:38.1523879Z,2020-08-05T12:05:11.2658531Z,2016-05-30T00:35:51.0000000Z,2021-05-20T18:00:04.1900000Z,8,0,0,0,0603c7f1-8f67-44be-97e4-07ede605dff8,1761506768
PINK,Pinkcoin,1,2016-05-30,2021-05-20,2016-06-12T11:53:38.1523879Z,2021-05-20T18:07:51.8313529Z,2016-06-12T11:53:38.1523879Z,2020-08-05T14:23:16.5730925Z,2016-05-30T04:20:12.0000000Z,2021-05-20T18:00:04.1900000Z,23,208.29,53137.79,1145914.84,23164b79-289c-4be0-8836-fd2986495fcc,0.009287060021
SKR,Sakuracoin,1,2016-05-03,2021-04-20,2017-03-14T20:17:57.6867731Z,2021-04-20T10:09:50.0446331Z,2017-03-14T20:17:57.6867731Z,2020-08-05T14:35:55.6880609Z,2016-05-03T15:30:25.0000000Z,2021-02-22T05:29:52.0000000Z,11,0,0,0,a8e6ee92-1082-4d7f-841b-863a27cec205,0.009287060021
CSC,CasinoCoin,1,2016-06-03,2021-05-20,2017-03-18T23:03:41.5757714Z,2021-05-20T18:00:00.8433333Z,2017-03-18T23:03:41.5757714Z,2020-08-05T14:36:17.2160035Z,2016-06-03T16:45:24.0000000Z,2021-05-20T18:00:04.1900000Z,25,0,0,0,a8e6ee92-1082-4d7f-841b-863a27cec205,0.009287060021
XRE,RevolverCoin,0,2016-06-05,2021-05-20,2017-03-18T23:03:53.8090034Z,2021-05-20T18:07:25.3003244Z,2017-03-18T23:03:53.8090034Z,2019-10-05T08:35:06.7565530Z,2016-06-05T16:28:45.0000000Z,2019-10-04T10:34:00.0000000Z,16,561.49,11703.54,24177.79,a8e6ee92-1082-4d7f-841b-863a27cec205,0.0002362508545
XRA,Ratecoin,1,2016-06-08,2021-05-20,2017-03-18T22:56:11.7054075Z,2021-05-20T18:02:08.4522932Z,2017-03-18T22:56:11.7054075Z,2020-08-05T11:46:06.0029782Z,2016-06-08T01:54:21.0000000Z,2021-05-20T18:00:04.1900000Z,23,14.02,2191.13,1754685.18,f253dc48-ed4c-44ee-8862-cdc6a2ab6798,0.0190675
CUBE,DigiCube,1,2016-06-09,2021-05-20,2017-03-14T20:04:53.0148336Z,2021-05-20T18:00:50.1563318Z,2017-03-14T20:04:53.0148336Z,2019-08-02T17:41:39.1909993Z,2016-06-09T18:37:49.0000000Z,2021-05-20T18:00:04.1900000Z,16,0,0,0,67ced245-a781-43f0-8083-72ed2ab26fed,0.0190675
BXC,Bitcedi,1,2016-06-11,2021-05-20,2017-03-14T20:18:36.5878122Z,2021-05-20T18:05:47.4132027Z,2017-03-14T20:18:36.5878122Z,2020-08-05T14:37:14.5988002Z,2016-06-11T21:32:07.0000000Z,2021-05-20T18:00:04.1900000Z,20,0,0,0,e96a1eae-6bc4-4370-9048-cf9c6bb24b85,0.0190675
SWING,Swing,1,2016-06-13,2021-05-20,2017-03-14T20:14:40.6684203Z,2021-05-20T18:00:00.8433333Z,2017-03-14T20:14:40.6684203Z,2019-08-02T17:40:59.6118159Z,2016-06-13T13:30:35.0000000Z,2021-05-20T18:00:04.1900000Z,15,0,0,0,fe02172f-f314-42a7-8eaa-640186140929,0.0190675
MNM,Mineum,1,2016-06-14,2021-05-20,2017-03-14T20:18:53.1749991Z,2021-05-20T18:00:00.8433333Z,2017-03-14T20:18:53.1749991Z,2019-08-02T16:44:33.0767227Z,2016-06-14T02:57:05.0000000Z,2021-05-20T18:00:04.1900000Z,16,0,0,0,da9f608c-0203-4bd7-a7fa-9573c4a5ef03,0.0190675
XTP,Isotope,1,2016-06-16,2021-05-20,2017-03-14T20:22:03.4689244Z,2021-05-20T18:00:00.8433333Z,2017-03-14T20:22:03.4689244Z,2020-08-05T14:36:47.4186545Z,2016-06-16T08:54:40.0000000Z,2021-05-20T18:00:04.1900000Z,11,0,0,0,647f65a3-2d8d-40c7-87cf-57f9a7433bd2,0.0190675
BBR,Boolberry,1,2016-04-02,2021-03-04,2016-06-12T11:53:38.1523879Z,2021-03-04T04:25:34.3318829Z,2016-06-12T11:53:38.1523879Z,2020-08-05T11:43:47.6401580Z,2016-04-02T23:58:43.0000000Z,2021-03-03T16:02:36.6930000Z,15,0,0,0,b5e39dda-9a2a-48e8-a5e6-994696bd0186,0.0190675
BAT,Basic Attention Token,1,2016-06-24,2021-05-20,2017-03-14T20:17:28.1958539Z,2021-05-20T18:08:50.9157032Z,2017-03-14T20:17:28.1958539Z,2020-08-05T14:37:58.8614490Z,2016-06-24T14:55:51.0000000Z,2021-05-20T18:00:04.1900000Z,339,13873191.77,416746538.4,8777037297,aedff322-4dbe-4eb1-9672-284feef4925b,0.8486114412
SMC,SmartCoin,1,2016-06-25,2021-05-20,2017-03-14T20:23:04.7135434Z,2021-05-20T18:00:00.8433333Z,2017-03-14T20:23:04.7135434Z,2019-10-01T14:00:26.5651229Z,2016-06-25T15:45:31.0000000Z,2021-05-20T18:00:04.1900000Z,305,0,0,0,cde949c9-81ea-4c9b-8904-5d8da20863fd,0.8486114412
PENG,PENG,1,2016-06-26,2021-05-20,2017-03-18T22:58:42.2483570Z,2021-04-12T18:38:13.8188660Z,2017-03-18T22:58:42.2483570Z,2020-08-05T14:36:04.3036391Z,2016-06-26T17:51:33.0000000Z,2021-05-20T18:00:04.1900000Z,31,0,0,0,a34f550b-85ed-43b3-9583-0b254ec163a5,0.8486114412
POP,PopularCoin,1,2016-06-27,2021-05-20,2017-03-18T23:15:47.4749790Z,2021-05-20T18:00:00.8433333Z,2017-03-18T23:15:47.4749790Z,2020-08-05T14:27:33.0075700Z,2016-06-27T20:48:32.0000000Z,2021-05-20T18:00:04.1900000Z,268,27.64,1154.87,51956.85,c2c15349-35d5-40c6-b2b8-1377049e3b69,0.005017264625
CC,CyberCoin,1,2016-06-28,2021-05-20,2017-03-14T20:18:59.1909571Z,2021-05-20T18:00:00.8433333Z,2017-03-14T20:18:59.1909571Z,2020-08-05T11:44:45.9952301Z,2016-06-28T02:15:31.0000000Z,2021-05-20T18:00:04.1900000Z,42,0,0,0,c2c15349-35d5-40c6-b2b8-1377049e3b69,0.005017264625
BTQ,Bter Securities,1,2014-04-17,2019-03-08,2017-01-09T00:00:08.5430563Z,2019-03-08T19:52:20.3429600Z,2017-01-09T00:00:08.5430563Z,2019-03-08T19:52:20.3429600Z,2014-04-17T12:45:08.0000000Z,2019-03-08T14:38:15.0000000Z,5,0,0,0,356e23a2-82ae-4d0a-9fd4-d0f87a393065,0.005017264625
DRACO,DT Token,1,2016-07-04,2021-05-20,2017-03-14T20:07:20.8312417Z,2021-05-20T18:03:16.8396927Z,2017-03-14T20:07:20.8312417Z,2019-08-02T17:37:05.2794108Z,2016-07-04T07:56:14.0000000Z,2021-05-20T18:00:04.1900000Z,11,0,0,0,fcdc0f16-7b83-431d-8af1-dc3f65d6237e,0.005017264625
TWO,TWO,1,2016-07-06,2021-05-20,2017-03-19T00:22:17.1973463Z,2021-05-20T18:00:00.8433333Z,2017-03-19T00:22:17.1973463Z,2019-08-02T15:33:37.7969026Z,2016-07-06T03:54:01.0000000Z,2021-05-20T18:00:04.1900000Z,6,0,0,0,73bbfe99-7bc6-4bd3-b05e-4a2f9dd3212f,0.005017264625
KRB,Karbowanec,1,2016-07-07,2021-05-20,2017-03-18T23:07:06.1433385Z,2021-05-20T18:06:23.4881327Z,2017-03-18T23:07:06.1433385Z,2020-08-05T14:30:58.7026019Z,2016-07-07T10:26:21.0000000Z,2021-05-20T18:00:04.1900000Z,16,2.68,781.72,91949.65,4e93d60d-58ec-4f4c-af27-f2b07cada3d9,0.1566944382
YOC,Yocoin,1,2016-07-10,2021-05-20,2017-03-18T22:54:55.7280392Z,2021-05-20T18:00:00.8433333Z,2017-03-18T22:54:55.7280392Z,2020-08-05T14:32:00.5801975Z,2016-07-10T11:15:39.0000000Z,2021-05-20T18:00:04.1900000Z,26,0,0,0,4e93d60d-58ec-4f4c-af27-f2b07cada3d9,0.1566944382
I0C,I0Coin,1,2015-09-18,2020-07-27,2017-03-18T23:16:11.6374728Z,2020-07-27T10:09:58.2216678Z,2017-03-18T23:16:11.6374728Z,2020-07-27T10:09:58.2216678Z,2015-09-18T11:53:29.0000000Z,2019-07-28T13:43:11.0000000Z,16,0,0,0,b9200ead-2d3a-4e69-a5ed-02e02f048475,0.1566944382
NOC,NOC,1,2016-07-13,2021-05-20,2017-03-19T02:12:14.8046702Z,2021-05-20T18:00:00.8433333Z,2017-03-19T02:12:14.8046702Z,2020-08-04T19:52:46.3110001Z,2016-07-13T03:52:24.0000000Z,2021-05-20T18:00:04.1900000Z,7,0,0,0,b9200ead-2d3a-4e69-a5ed-02e02f048475,0.1566944382
CNO,Coin(O),1,2015-04-16,2020-02-21,2017-03-14T20:07:40.1793527Z,2020-02-21T23:54:05.5328966Z,2017-03-14T20:07:40.1793527Z,2020-02-21T23:54:05.5328966Z,2015-04-16T23:17:37.0000000Z,2020-02-21T21:36:43.8670000Z,18,0,0,0,b8c5374c-4db6-447e-b2b3-f5c44fffbaf3,0.1566944382
LBC,LBRY Credits,1,2016-07-13,2021-05-20,2016-07-13T22:54:33.5206503Z,2021-05-20T18:06:46.4639941Z,2016-07-13T22:54:33.5206503Z,2020-08-05T14:37:02.7607173Z,2016-07-14T00:05:43.0000000Z,2021-05-20T18:00:04.1900000Z,31,25897.44,5950771.62,109116362.5,d8a8c5f3-7e46-4f27-ad7c-064788f9afa2,0.1047731103
QBTS,Cubits ,1,2016-07-14,2021-05-20,2017-03-18T23:01:08.8700430Z,2021-05-20T18:08:27.1624564Z,2017-03-18T23:01:08.8700430Z,2020-08-05T14:37:11.0485905Z,2016-07-14T00:13:00.0000000Z,2021-05-20T18:00:04.1900000Z,31,0,0,0,d8a8c5f3-7e46-4f27-ad7c-064788f9afa2,0.1047731103
OTX,Octanox,1,2016-07-15,2021-05-20,2017-03-14T20:15:01.9041329Z,2021-05-20T18:00:00.8433333Z,2017-03-14T20:15:01.9041329Z,2020-08-05T11:53:48.0929814Z,2016-07-15T00:15:33.0000000Z,2019-07-02T10:30:30.7770000Z,11,0,0,0,fc3eb0e3-0d28-4abb-9c69-2e9fee312fe1,0.1047731103
EL,Elcoin,1,2016-07-15,2021-05-20,2017-03-14T20:50:10.9075143Z,2021-05-20T18:00:00.8433333Z,2017-03-14T20:50:10.9075143Z,2020-08-05T14:36:58.8266948Z,2016-07-15T21:51:41.0000000Z,2021-05-20T18:00:04.1900000Z,24,19548.46,4180311.76,172261872.1,1f80469f-1c18-43a7-845e-632f4f7af99d,0.02518446307
LEO,LEOcoin,1,2016-07-16,2021-05-20,2017-03-14T20:44:18.8332253Z,2021-05-20T18:08:36.9932197Z,2017-03-14T20:44:18.8332253Z,2020-08-05T14:37:57.5073748Z,2016-07-16T07:23:59.0000000Z,2021-05-20T18:00:04.1900000Z,101,1100465.13,30626681.42,864871614.9,1f80469f-1c18-43a7-845e-632f4f7af99d,2.971328501
CLOAK,CloakCoin,1,2016-07-16,2021-05-20,2017-03-14T20:51:23.3671330Z,2021-05-20T18:07:00.8930265Z,2017-03-14T20:51:23.3671330Z,2020-08-05T14:35:04.7386470Z,2016-07-16T14:55:12.0000000Z,2021-05-20T18:00:04.1900000Z,45,0,0,0,7786a5f6-ca33-4609-b5ce-aa0ab227bae1,2.971328501
CJ,Cryptojacks,1,2016-07-18,2021-05-20,2017-03-14T20:10:20.4090030Z,2021-05-20T18:05:28.4595498Z,2017-03-14T20:10:20.4090030Z,2019-10-07T14:39:36.2825881Z,2016-07-18T12:48:26.0000000Z,2021-05-20T18:00:04.1900000Z,27,0,0,0,214b59f3-1ad4-477f-8efc-1cac566ee7f5,2.971328501
STEEMD,Steem Dollars,1,2016-07-19,2021-05-20,2016-07-19T04:06:46.5553322Z,2021-05-20T18:07:57.7300000Z,2016-07-19T04:06:46.5553322Z,2020-08-05T14:37:17.5974945Z,2016-07-19T13:47:26.0000000Z,2021-05-20T18:00:04.1900000Z,27,5639611.98,177310910,629512109.9,214b59f3-1ad4-477f-8efc-1cac566ee7f5,11.34886132
STEEM,Steem,1,2016-07-19,2021-05-20,2016-07-19T04:06:46.5553322Z,2021-05-20T18:07:24.2770513Z,2016-07-19T04:06:46.5553322Z,2020-08-05T14:37:58.2010000Z,2016-07-19T13:47:27.0000000Z,2021-05-20T18:00:04.1900000Z,95,1157080.44,109188248.8,1115258899,17868451-bb57-48f2-aaf0-ed1290d23190,0.7189545247
KDC,KlondikeCoin,1,2016-07-19,2021-05-20,2017-01-13T22:25:01.5845639Z,2021-05-20T18:00:00.8433333Z,2017-01-13T22:25:01.5845639Z,2019-01-14T06:19:45.0236801Z,2016-07-19T09:24:29.0000000Z,2018-10-08T08:33:28.0000000Z,10,0,0,0,17868451-bb57-48f2-aaf0-ed1290d23190,0.7189545247
888,OctoCoin,1,2016-07-19,2021-05-20,2017-03-14T20:19:41.1105410Z,2021-05-20T18:00:00.8433333Z,2017-03-14T20:19:41.1105410Z,2020-05-25T19:40:37.0020581Z,2016-07-19T13:26:32.0000000Z,2021-05-20T18:00:04.1900000Z,20,101.96,983.43,655438.19,9cef1901-eada-405a-84b2-5feaeec6c598,0.4225724125
SYNX,Syndicate,1,2016-07-21,2021-05-20,2017-03-14T20:22:03.6782419Z,2021-05-20T18:00:00.8433333Z,2017-03-14T20:22:03.6782419Z,2020-02-12T17:29:07.4488202Z,2016-07-21T06:05:14.0000000Z,2021-05-20T18:00:04.1900000Z,25,0,0,0,58180720-0b3a-412e-b65a-c2572056a46f,0.4225724125
ETC,Ethereum Classic,1,2016-07-24,2021-05-20,2016-07-24T04:14:11.6591746Z,2021-05-20T18:08:55.8897310Z,2016-07-24T04:14:11.6591746Z,2020-08-05T14:37:58.6010000Z,2016-07-24T15:34:44.0000000Z,2021-05-20T18:00:04.1900000Z,1118,1639882220,37812851601,1239964734492,05628752-3f59-423e-a1e8-7967e39dfa03,72.08957844
XJO,Joulecoin,1,2016-07-24,2021-05-20,2017-03-18T22:58:32.0886036Z,2021-05-20T18:00:00.8433333Z,2017-03-18T22:58:32.0886036Z,2019-10-07T14:37:17.9286708Z,2016-07-24T16:38:39.0000000Z,2021-05-20T18:00:04.1900000Z,20,0,0,0,7d9d09ff-aaf5-468f-9be0-1c2c8927c583,72.08957844
COMET,Comet,1,2016-07-26,2021-05-20,2017-03-14T20:28:06.2274553Z,2021-05-20T18:08:32.2724697Z,2017-03-14T20:28:06.2274553Z,2020-08-05T14:37:58.3675924Z,2016-07-26T00:48:37.0000000Z,2021-05-20T18:00:04.1900000Z,386,876686.71,53604237.94,505447158.9,7d9d09ff-aaf5-468f-9be0-1c2c8927c583,0.02189633603
ARPA,ARPA,1,2016-07-27,2021-05-20,2017-03-19T03:46:16.2980166Z,2021-05-20T18:08:36.8160000Z,2017-03-19T03:46:16.2980166Z,2020-08-05T14:37:58.1010000Z,2016-07-27T13:51:25.0000000Z,2021-05-20T18:00:04.1900000Z,51,991098.21,33896716.89,656747473,21e2c3b2-a033-4860-b01d-b8f0cd344d52,0.05150942042
EDC,EDC,1,2016-07-31,2021-05-20,2017-03-18T22:56:12.1104621Z,2021-05-20T18:00:00.8433333Z,2017-03-18T22:56:12.1104621Z,2020-08-05T14:36:02.0000000Z,2016-07-31T19:46:36.0000000Z,2021-05-20T18:00:04.1900000Z,54,70870.99,1953018.49,81909139.77,21e2c3b2-a033-4860-b01d-b8f0cd344d52,0.2824263014
GBC,GBCGoldCoin,1,2016-08-02,2021-05-20,2017-03-14T20:18:19.9760398Z,2021-05-20T18:00:00.8433333Z,2017-03-14T20:18:19.9760398Z,2020-07-31T08:45:02.8215644Z,2016-08-02T16:21:27.0000000Z,2021-05-20T18:00:04.1900000Z,17,0,0,0,1b819d3f-3d9b-41cc-929a-3fed237f77fd,0.2824263014
BOT,Bodhi,1,2016-08-04,2021-05-20,2017-03-19T01:44:17.9788478Z,2021-05-20T18:00:00.8433333Z,2017-03-19T01:44:17.9788478Z,2020-08-04T20:04:39.9104687Z,2016-08-04T19:04:35.0000000Z,2021-05-20T18:00:04.1900000Z,48,0,0,0,11bca3b5-6b15-4e95-90f4-86fea7c2cd76,0.2824263014
GRN,Granite,1,2016-08-06,2021-05-20,2017-03-14T20:05:25.4406820Z,2021-05-20T18:00:00.8433333Z,2017-03-14T20:05:25.4406820Z,2020-08-05T11:50:08.5408149Z,2016-08-06T17:22:24.0000000Z,2021-05-20T18:00:04.1900000Z,23,750.82,58303.26,694242.09,d47a284c-add9-4f48-933b-5c47b1024aaf,0.02838854994
